1783 2876
483 197 604 234 THE
643 197 756 235 MSS.
797 196 870 236 OF
905 197 1144 234 ‘AETNA’

222 307 287 344 150
429 298 552 343 riguos
579 299 605 333 I
695 299 794 334 riuos
820 297 892 333 Μ1

223 366 283 402 151
314 357 510 392 flammaue
536 357 606 392 ruit
632 357 660 392 Ι
703 358 923 392 flammaeue
950 358 1021 392 ruit
1047 358 1099 392 M

222 425 286 461 152
314 416 589 461 Obliquumque
606 423 732 451 secant
752 427 847 461 quae
866 426 978 450 causa
992 416 1191 451 tenerrima
1205 427 1337 451 caussa
1355 423 1411 451 est
1431 417 1481 450 ,ΙΙ

222 483 286 519 153
839 474 985 509 hiantes
1010 474 1038 508 I

221 540 283 577 155
463 532 581 567 solido
608 531 636 567 si
664 539 776 567 staret
803 532 840 567 in
866 532 966 567 omni
993 532 1020 567 I

221 599 286 635 157
620 591 787 626 conferta
814 590 1012 626 immobilis
1038 596 1135 626 esset
1162 591 1190 625 I

220 658 233 684 1
243 649 286 694 58
711 660 950 684 concrescere
1095 649 1123 684 Ι

222 716 287 752 159
432 706 563 743 subitis
589 708 618 753 Ι
847 719 912 742 ora
936 708 964 742 Ι

222 767 288 801 160
431 766 556 811 patula
582 767 610 800 Ι
793 773 993 811 uastosque
1019 777 1186 801 recessus
1213 766 1241 800 I

223 825 283 860 161
315 824 470 859 Falleris
497 831 532 859 et
559 825 723 859 nondum
750 832 850 860 certo
876 824 941 859 tibi
969 825 1107 859 lumine
1134 836 1192 859 res
1218 831 1273 859 est
1300 825 1328 858 l

221 883 286 918 162
316 883 489 928 Namque
515 882 586 917 illis
613 894 869 928 quaecumque
896 890 1031 918 uacant
1058 883 1219 918 hiatibus
1246 883 1364 917 omnis
1390 882 1441 916 M

221 941 286 984 163
313 941 362 975 Et
391 952 472 975 sese
497 941 525 975 I

221 1000 286 1042 164
314 1000 527 1044 Conceptae
552 1000 581 1034 J

221 1059 284 1102 165
549 1058 610 1104 qui
637 1065 760 1094 teneat
785 1059 814 1093 J
857 1058 1003 1104 Quippe
1027 1058 1089 1093 ubi
1116 1058 1178 1104 qui
1200 1065 1324 1094 teneat
1347 1066 1477 1094 uentos

380 1127 569 1162 aquasque
595 1124 784 1152 morantes
809 1118 860 1151 M

220 1175 286 1210 166
547 1176 636 1210 defit
662 1183 809 1211 cessant
835 1177 862 1210 I

221 1236 286 1278 167
315 1235 485 1281 Explicat
512 1236 691 1272 erranteis
717 1243 753 1272 et
781 1236 816 1271 in
844 1236 925 1281 ipso
950 1236 1066 1271 limite
1092 1236 1242 1271 tradunt
1269 1237 1321 1271 M

926 1295 1076 1329 tradant
1103 1295 1130 1329 Ι
1143 1295 1245 1340 (only
1262 1296 1337 1330 this
1356 1295 1477 1338 word)

221 1352 285 1387 168
709 1353 871 1388 turbanti
896 1353 1064 1388 faucibus
1091 1353 1153 1387 illo
1341 1354 1369 1388 Ι

222 1411 287 1454 169
737 1412 925 1456 densaque
952 1411 1084 1456 premit
1338 1412 1363 1446 l

223 1477 288 1511 170
315 1469 426 1503 Nunc
445 1470 521 1504 euri
540 1469 746 1515 boreaeque
764 1475 885 1512 notus,
904 1481 1001 1504 nunc
1019 1469 1125 1504 huius
1144 1475 1295 1514 uterque
1313 1477 1367 1504 est
1395 1470 1446 1503 M

219 1535 284 1570 172
586 1528 654 1562 soli
1457 1529 1484 1562 Ι

220 1594 285 1628 174
547 1585 690 1632 antiqui
1458 1587 1483 1621 Ι

222 1652 284 1688 175
316 1645 422 1678 Haec
449 1644 562 1679 immo
580 1656 664 1679 cum
686 1644 813 1691 (quum
833 1643 872 1690 Ι)
901 1645 947 1680 sit
966 1645 1107 1691 species
1133 1646 1207 1680 ΙΜ
1299 1652 1477 1680 naturaue

381 1709 501 1737 terrae
528 1704 578 1737 M

220 1762 285 1803 176
1089 1764 1212 1798 trahat
1457 1764 1483 1797 l

220 1821 284 1862 178
429 1819 478 1854 illi
1457 1822 1484 1855 J

223 1880 284 1913 182
314 1878 469 1923 Pon-igit
495 1879 570 1913 JM
613 1879 700 1914 hinc
719 1880 769 1914 M
814 1886 912 1915 artus
933 1879 1032 1926 (JM)
1051 1880 1270 1926 penitusque
1289 1886 1477 1915 exaestuat

382 1937 476 1972 ultra
501 1938 552 1971 M

220 1997 284 2040 183
476 1996 614 2032 scissae
639 1996 666 2031 I
1456 1995 1483 2030 Ι

220 2055 286 2097 184
638 2084 645 2089 ,
715 2054 808 2090 aliae
836 2053 922 2100 (sor
937 2054 1073 2100 uaries)
1456 2057 1483 2090 Ι

222 2113 287 2148 186
315 2113 421 2148 Haec
449 2112 499 2147 illi
526 2113 634 2148 sedes
660 2119 920 2158 tantarumque
946 2126 1032 2148 area
1058 2126 1179 2149 rerum
1431 2115 1480 2147 ill

222 2172 320 2206 186b
348 2172 453 2206 Haec
479 2171 580 2216 operi
608 2171 764 2206 uisenda
790 2172 883 2206 sacri
911 2172 1098 2217 faciesque
1124 2173 1333 2217 domusque
1458 2173 1484 2206 J

149 2240 262 2291 (This
283 2255 317 2279 v.
340 2240 371 2279 is
392 2248 461 2279 not
482 2242 606 2280 found
626 2240 666 2279 in
686 2254 762 2291 any
783 2243 827 2279 of
843 2243 909 2280 the
929 2249 1062 2280 extant
1084 2241 1218 2294 MSS.)

219 2318 283 2360 187
664 2318 822 2353 incendii
1298 2319 1373 2353 ΙΜ

222 2376 286 2411 188
312 2387 426 2421 paruo
452 2383 515 2411 aut
541 2376 640 2412 tenui
668 2377 882 2412 discrimine
909 2376 1025 2422 signis
1052 2378 1079 2411 Ι

224 2436 288 2478 189
385 2436 453 2470 sub
479 2435 652 2480 exiguum
680 2436 830 2471 uenient
855 2436 920 2470 tibi
947 2435 1101 2481 pignora
1127 2441 1274 2480 tempus
1460 2436 1485 2469 Ι

256 2514 262 2530 ¹
290 2514 453 2546 Matthiae
469 2526 549 2556 says
567 2517 700 2557 ‘riguos
716 2517 759 2547 ist
777 2517 854 2548 cine
873 2516 1082 2548 Heinsische
1100 2516 1352 2547 Emendaffion!

763 2572 868 2610 lxxiii
