1783 2876
700 213 893 251 AETNA

133 320 376 368 Exanimant,
407 334 622 371 pressoque
652 321 837 372 instigant
865 323 1022 373 agmine
1052 333 1227 364 uentum.

134 386 247 424 Haec
276 386 403 436 operis
433 387 559 424 forma
587 395 657 434 est,
688 387 740 425 sic
766 387 909 426 nobilis
940 388 1067 427 uritur
1097 391 1237 428 Aetna.

130 452 250 489 Terra
278 451 535 490 foraminibus
565 452 666 491 uires
696 453 823 501 trahit,
855 462 993 504 urguet
1023 454 1062 492 in
1091 463 1218 493 artum
1399 463 1461 503 565

129 515 304 565 Spiritus,
336 516 495 556 incendi
525 517 590 555 uia
607 518 671 567 fit
701 532 770 568 per
798 519 969 557 maxima
997 532 1098 557 saxa.

184 581 416 631 Magnificas
445 583 581 621 laudes
611 596 856 634 operosaque
885 584 1011 623 uisere
1040 586 1187 635 templa

131 645 287 684 Diuitiis
318 647 536 695 hominum,
567 656 635 687 aut
663 662 772 687 arcas
802 663 1019 689 memorare
1049 657 1234 697 uetustas,

127 712 315 750 Traducti
346 712 472 751 maria
501 721 539 752 et
569 714 702 752 taetris
732 728 800 764 per
830 714 1007 765 proxima
1036 714 1123 753 fatis

127 776 330 815 Currimus
358 785 478 828 atque
505 779 613 817 auidi
642 779 784 818 ueteris
814 780 1022 818 mendacia
1050 781 1178 818 famae
1395 795 1461 829 570

129 841 311 880 Eruimus
342 850 584 892 cunctasque
613 843 709 881 libet
738 857 961 893 percurrere
989 852 1136 893 gentes.

126 907 245 944 Nunc
274 906 382 945 iuuat
412 907 572 958 Ogygiis
602 907 845 947 circumdata
874 909 1032 947 moenia
1061 908 1211 947 Thebis

125 971 319 1010 Cernere:
358 985 460 1022 quae
489 974 633 1019 fratres,
666 973 730 1012 ille
760 973 934 1024 impiger,
966 974 1031 1013 ille
1062 986 1229 1012 canorus

124 1103 318 1150 Condere,
350 1103 563 1154 felicesque
591 1104 721 1143 alieno
750 1104 988 1143 intersumus
1017 1118 1130 1143 aeuo.

126 1167 298 1206 Inuitata
327 1168 400 1219 piis
430 1182 537 1207 nunc
566 1169 739 1208 carmine
769 1183 861 1208 saxa
889 1172 1061 1220 lyraque,
1394 1185 1457 1218 575

124 1234 242 1272 Nunc
271 1233 428 1284 gemina
456 1248 503 1273 ex
532 1248 613 1272 uno
642 1234 835 1273 fumantia
863 1248 971 1273 sacra
999 1248 1158 1285 uapore,

124 1298 325 1346 Miramur,
357 1307 589 1350 septemque
618 1301 740 1338 duces
770 1308 1005 1350 raptumque
1034 1301 1242 1350 profundo.

124 1364 285 1403 Detinet
316 1366 483 1403 Eurotas
513 1364 591 1403 illic
621 1373 659 1403 et
689 1366 827 1415 Sparta
858 1365 1030 1416 Lycurgi,

124 1431 174 1467 Et
203 1443 311 1468 sacer
340 1430 379 1467 in
409 1430 557 1468 bellum
587 1444 785 1478 numerus,
818 1444 888 1469 sua
918 1431 1032 1469 turba
1061 1430 1236 1469 trecenti.

121 1496 240 1532 Nunc
269 1494 333 1532 hic
363 1495 580 1545 Cecropiae
608 1495 724 1533 uariis
754 1503 981 1545 spectantur
1009 1497 1189 1534 Athenae
1392 1503 1455 1540 580

118 1559 381 1606 Carminibus,
412 1562 666 1611 gaudentque
696 1560 767 1599 soli
797 1560 958 1600 uictrice
988 1561 1181 1600 Minerua.

162 1710 224 1748 563
250 1709 454 1740 Examinant
473 1709 519 1740 Cr
531 1709 597 1740 Ar.
689 1714 847 1748 nentrum
867 1709 895 1740 C
1024 1711 1086 1748 564
1113 1709 1199 1741 sama
1221 1709 1266 1740 Cr
1283 1709 1348 1740 Ar.
1368 1711 1457 1749 quod

119 1753 271 1784 retinebat
296 1753 519 1783 Hildcbrandt
535 1758 569 1793 p.
591 1754 659 1792 98:
693 1753 801 1783 forma
831 1758 972 1794 excerpta
997 1753 1179 1784 szoeana
1208 1757 1237 1784 et
1260 1755 1306 1784 sic
1333 1752 1449 1786 Clzm'st.

123 1797 239 1837 lVolf:
262 1807 392 1828 summa
410 1796 513 1837 scalig
523 1807 559 1827 er
678 1797 728 1828 sic
749 1797 872 1828 nobilis
890 1808 909 1827 r
922 1797 988 1829 Ar.
1007 1808 1014 1828 ε
1038 1797 1193 1836 ignobilis
1213 1797 1240 1827 C
1344 1798 1454 1829 uritur

117 1841 207 1872 Ar.:
246 1841 351 1871 utitur
384 1840 411 1871 C
555 1842 619 1879 566
651 1841 706 1871 uia
738 1841 775 1871 fit
806 1841 999 1872 Baehrens:
1038 1841 1121 1871 uiuit
1154 1840 1200 1871 Cr
1214 1840 1303 1871 Ar.:
1342 1841 1394 1872 uis
1427 1842 1452 1872 it

118 1884 244 1916 Munro
335 1884 482 1924 Spiritus
514 1884 660 1921 incendi,
695 1884 779 1914 uiuit
809 1884 1036 1915 Hz'ldebrandt
1167 1886 1229 1923 567
1257 1884 1375 1914 laudes
1409 1885 1454 1915 Cr

117 1929 179 1960 Ar.
199 1940 206 1960 :
229 1929 333 1960 aedes
352 1928 431 1959 ΑΜ.
456 1937 538 1966 1534
645 1927 845 1967 Magnificos
863 1928 995 1967 lapides
1018 1928 1153 1969 lVagler
1254 1927 1385 1965 uiscere
1405 1928 1451 1959 C:

117 1972 249 2003 uiscere
274 1983 310 2002 r:
344 1972 457 2003 uisere
484 1972 547 2001 Ar.
710 1972 774 2010 568
798 1982 893 2002 arcas
920 1972 1054 2012 scripsi:
1086 1981 1202 2003 sacras
1233 1970 1279 2002 C:
1311 1982 1406 2002 sacra
1435 1984 1454 2002 r

116 2016 179 2047 Ar.
200 2027 207 2047 :
231 2016 362 2055 siquast
384 2026 425 2047 m.
447 2019 600 2046 uetustas
624 2014 797 2045 Buecheler
926 2017 991 2054 569
1014 2015 1126 2046 Tracti
1147 2027 1164 2045 r
1249 2015 1388 2045 materia
1408 2014 1453 2046 Cr

115 2059 203 2091 Ar.:
227 2059 386 2091 Traducti
412 2059 517 2090 maria
540 2058 578 2088 de
600 2057 694 2098 Rooy
782 2059 900 2090 taetris
924 2059 1092 2100 Scaleger:
1119 2058 1217 2088 terris
1245 2058 1312 2088 Cr:
1340 2063 1450 2090 terras

115 2102 154 2133 de
183 2103 284 2143 Rooy,
319 2102 411 2142 quod
439 2103 549 2143 recepit
579 2102 705 2132 Munro
860 2113 924 2142 573
954 2113 1042 2142 quae
1075 2102 1124 2132 C:
1162 2106 1244 2142 quot
1282 2101 1450 2134 Hclmst.:

114 2157 180 2186 que
206 2152 240 2177 et
265 2158 284 2177 r
304 2147 366 2178 Αν.
416 2146 498 2176 Post
524 2156 588 2185 573
614 2146 772 2177 lacunam
800 2148 917 2176 statuit
942 2145 1077 2177 Munro.
1127 2145 1293 2176 Excidisse
1320 2145 1453 2176 uidetur

115 2200 231 2220 uersus
254 2189 449 2220 huiusmodi
472 2190 718 2229 Condiderant,
749 2190 852 2229 longo
884 2190 990 2229 geniti
1018 2194 1095 2229 post
1121 2194 1277 2228 tempore
1304 2189 1450 2228 quimus.

115 2243 178 2272 574
205 2234 411 2265 intersumus
440 2233 486 2265 C:
520 2234 709 2264 intersfimo
735 2233 878 2265 Helm-st.
904 2244 911 2264 ε
949 2234 1109 2274 ϊῑεηευ(ῡ
1141 2233 1318 2263 ΑνῇιῃειἙ
1343 2244 1362 2262 ν
1382 2233 1447 2265 Αν.

114 2287 178 2316 575
204 2277 267 2316 piis
295 2276 344 2308 C:
376 2276 432 2316 pio
460 2288 478 2307 r
500 2277 590 2308 Ar.:
623 2277 689 2316 piei
711 2276 837 2307 Munro
979 2279 1043 2316 576
1066 2287 1148 2307 saxa
1177 2276 1321 2307 CrAr.:
1351 2287 1448 2308 sacra

114 2320 262 2360 Scahssger
382 2320 446 2358 578
471 2320 595 2360 Sparta
616 2319 696 2351 Αἶά.
717 2331 819 2360 1534:
854 2320 981 2360 Sparsa
1005 2320 1050 2351 Cr
1065 2321 1128 2350 Ar.
1251 2319 1383 2359 lygurgi
1407 2319 1448 2350 C:

114 2364 260 2403 lygurge
278 2374 313 2394 r:
338 2363 463 2402 licui-ge
482 2364 545 2396 Ar.
664 2375 728 2404 579
744 2375 805 2395 sua
827 2364 874 2395 C:
897 2375 958 2395 seu
977 2376 995 2394 r
1083 2363 1225 2394 trecenti
1241 2363 1405 2394 Sudhaus
1420 2368 1449 2394 et

115 2407 310 2438 Buecheler:
335 2407 463 2438 recenti
483 2407 528 2438 Cr
541 2407 606 2439 Ar.
625 2419 633 2438 τ
658 2408 792 2447 regenti
809 2407 959 2449 Scaliger
1125 2408 1189 2446 580
1213 2407 1403 2447 Cycropiae
1423 2407 1450 2438 C

114 2484 258 2515 athenae
277 2495 314 2515 r:
337 2459 462 2516 athgne
478 2485 542 2516 Ar.
559 2495 566 2515 :
589 2485 724 2516 athenis
745 2484 772 2515 C
858 2487 920 2524 581
948 2483 1025 2525 soli]
1044 2495 1105 2516 sua
1118 2484 1184 2515 Ar.

753 2543 801 2590 67
1272 2551 1335 2577 F2
