1783 2876
725 186 877 224 ΑΕΤΝ
882 186 918 222 Α

158 299 211 338 Ni
241 298 372 337 furtim
401 298 607 347 adgereret
637 294 757 334 Siculi
787 294 931 333 uicinia
962 294 1119 335 montis.

158 363 366 402 Materiam
397 361 617 410 siluamque
647 373 769 406 suam,
802 372 989 409 pressoue
1020 359 1146 397 canali
1428 370 1492 404 445

158 429 252 466 Huc
281 427 373 465 illuc
402 433 533 476 ageret
561 433 703 463 uentos
733 432 771 463 et
800 431 979 474 pasceret
1008 423 1128 473 ignes.

209 493 288 531 Sed
318 491 457 529 melius
486 504 546 529 res
572 489 657 540 ipsa
686 489 790 528 notis
819 495 1075 538 spectataque
1105 488 1212 526 ueris

155 556 337 597 Occurrit
366 555 486 606 signis
515 569 589 594 nec
619 562 786 604 temptat
816 555 948 592 fallere
978 559 1130 592 testem.

155 623 260 660 Nam
290 621 393 660 circa
421 622 542 659 latera
569 628 689 670 atque
718 618 806 657 imis
837 618 1035 657 radicibus
1065 619 1218 656 Aetnae

155 688 384 727 Candentes
413 686 546 724 efflant
575 684 738 735 lapides,
770 683 1014 733 disiectaque
1044 696 1135 720 saxa
1425 697 1493 728 450

156 753 361 791 Intereunt
390 750 502 789 uenis
518 765 527 799 3
567 749 776 788 manifesto
806 756 848 787 ut
878 749 1037 787 credere
1067 747 1193 798 possis

156 818 306 856 Pabula
335 824 373 855 et
402 815 567 855 ardendi
597 828 758 853 causam
787 813 961 864 lapidem
991 826 1077 852 esse
1107 815 1307 858 molarem,

154 884 278 924 Cuius
308 884 485 922 defectus
514 881 667 920 ieiunos
697 880 844 930 colligit
873 880 983 930 ignis.

156 950 228 987 Ille
257 948 325 986 ubi
354 946 512 997 collegit
541 948 732 992 flammas,
764 945 867 992 iacit,
899 953 938 983 et
967 944 1083 983 simul
1113 943 1193 982 ictu

154 1013 363 1052 Materiam
393 1011 575 1051 accendit
604 1011 788 1062 cogitque
817 1010 1034 1061 liquescere
1063 1022 1208 1047 secum.
1427 1025 1443 1054 4
1452 1021 1491 1053 55

154 1080 278 1117 Haud
308 1077 495 1128 equidem
524 1077 668 1115 mirum
698 1081 887 1123 scaterest‚
920 1089 1021 1126 quae
1051 1074 1248 1113 cernimus
1278 1080 1408 1119 extra;

153 1144 193 1183 Si
223 1143 366 1183 lenitur
394 1156 506 1194 opus,
537 1150 682 1181 restat:
721 1141 844 1192 magis
874 1141 997 1179 uritur
1024 1140 1114 1186 illic,

154 1208 426 1258 Sollicitatque
456 1207 579 1257 magis
609 1206 742 1245 uicina
769 1206 955 1245 incendia
984 1218 1132 1251 saxum,

154 1275 352 1324 Certaque
381 1281 570 1312 uenturae
599 1271 813 1323 praemittit
842 1271 1004 1322 pignera
1032 1272 1226 1308 flammae.

154 1341 259 1378 Nam
290 1339 406 1377 simul
435 1346 554 1388 atque
584 1346 720 1377 mouet
749 1337 846 1375 uires
876 1337 1113 1386 turbamque
1142 1334 1314 1372 minatus
1427 1341 1493 1380 460

155 1447 332 1497 Diffugit,
360 1448 638 1497 extemploque
667 1447 795 1484 solum
827 1444 954 1491 trahit,
985 1444 1167 1493 †ictaque
1196 1441 1337 1481 ramis†

197 1633 260 1663 444
286 1622 399 1653 furtim
419 1632 456 1652 r:
481 1621 605 1652 furtum
626 1620 654 1651 C
725 1620 914 1659 adgeneret
930 1619 979 1650 C:
1003 1619 1190 1658 adgenerat
1208 1618 1299 1648 rAr.
1318 1629 1325 1648 :
1349 1617 1492 1655 adgeret

153 1665 284 1697 Sloan:
316 1667 498 1705 adgereret
521 1664 568 1696 ed.
595 1664 682 1696 Rub.
714 1673 797 1703 1475
910 1663 1006 1694 siculi
1033 1663 1157 1693 uicinia
1183 1661 1308 1692 montis
1334 1660 1362 1691 C
1381 1661 1492 1691 solus:

154 1710 270 1749 reliqui
283 1709 399 1740 codices
414 1713 475 1739 aut
490 1708 574 1739 nihil
587 1711 649 1739 aut
662 1708 854 1748 interpolata
866 1707 1023 1748 praebent
1205 1706 1270 1744 446
1292 1714 1377 1744 ager
1393 1710 1427 1735 et
1446 1704 1473 1734 C
1486 1717 1492 1734 :

153 1763 273 1793 ageres
291 1764 309 1783 r
418 1757 576 1793 pasceret
589 1751 670 1783 Ald.
694 1762 775 1791 1517
794 1762 801 1782 ε
825 1755 983 1791 posceret
1002 1750 1048 1781 Cr
1060 1750 1124 1780 Ar.
1283 1759 1346 1787 447
1372 1751 1426 1778 re's
1446 1748 1486 1778 C:

154 1797 246 1828 notis
265 1796 312 1828 C:
337 1801 418 1827 nota
436 1801 488 1827 est
504 1795 709 1827 Sloanianus
725 1806 732 1826 ε
756 1796 856 1826 docet
865 1795 986 1835 Haupt
1052 1793 1171 1824 melior
1187 1802 1241 1823 res
1260 1791 1332 1832 ipsa
1349 1796 1428 1822 nota
1441 1796 1493 1822 est

459 1845 489 1865 ta

153 1873 192 1904 a'e
203 1873 297 1914 Rooy
363 1878 548 1913 spectaque
564 1872 592 1903 C
659 1872 750 1902 ueris
766 1870 813 1902 ecl.
829 1870 916 1902 Rub.
937 1881 1018 1910 1475
1035 1882 1042 1901 :
1066 1870 1178 1900 uentis
1193 1869 1240 1900 C:
1265 1868 1363 1899 uenis
1375 1868 1464 1899 νΑν.
1486 1880 1491 1898 ;

143 1918 226 1956 fort.
246 1917 347 1948 lentis
487 1918 551 1955 448
575 1921 696 1947 testem
717 1916 856 1955 Haupt:
880 1921 1011 1954 pestem
1031 1914 1077 1944 Cr
1089 1914 1154 1944 Ar.
1302 1922 1362 1951 451
1389 1912 1492 1941 mani—

153 1961 239 1992 feste
254 1961 342 1992 rAr.
473 1970 537 1999 453
556 1960 721 1990 deffectus
738 1970 757 1989 r
822 1958 956 1988 ieiunos
975 1959 1068 1988 rAr.
1091 1968 1098 1987 :
1122 1956 1255 1987 ieiunus
1271 1955 1299 1986 C
1363 1955 1492 1994 colligit

155 2004 202 2036 Cr
214 2005 279 2036 Ar.
299 2015 306 2035 ε
333 2004 481 2043 concipit
504 2002 674 2043 de.Rooy:
698 2002 836 2042 corripit
851 2002 996 2042 Haupt:
1021 2001 1158 2031 conficit
1182 1999 1323 2038 Maelzly‚
1342 1997 1492 2029 Munro:

152 2048 280 2088 colligit
310 2047 457 2079 Damste'
490 2048 717 2087 interpretatus
754 2050 801 2077 est
834 2046 868 2075 in
900 2049 1084 2086 angustum
1121 2054 1236 2085 cogere,
1277 2043 1378 2073 allato
1422 2042 1490 2072 Tib.

153 2092 173 2123 i.
203 2093 233 2123 8.
267 2102 304 2131 14
339 2091 503 2131 Ansaque
534 2100 749 2130 compressos
784 2090 912 2128 colligit
949 2095 1021 2119 arta
1058 2089 1164 2128 pedes
1192 2087 1370 2128 (Mnemos.
1409 2086 1486 2116 xvii.

154 2145 186 2175 p.
211 2136 286 2176 198)
412 2145 475 2176 454
500 2134 579 2165 iacit
595 2134 641 2165 ed.
660 2134 773 2166 Paris.
795 2142 876 2172 1507
893 2144 900 2163 :
924 2132 1011 2163 iacet
1029 2131 1151 2163 CrAr.
1281 2131 1346 2168 456
1370 2129 1489 2159 mirum

155 2178 240 2210 facie
253 2189 319 2218 que
334 2178 362 2209 C
376 2190 383 2210 ε
400 2179 520 2209 mirum
535 2184 631 2209 scute
645 2179 754 2218 (scate
766 2176 849 2217 Ar.)
862 2177 953 2216 quod
967 2188 985 2206 r
998 2175 1061 2207 Ar.
1082 2187 1089 2206 :
1105 2174 1490 2214 nndescmpsiscaterest

155 2222 244 2252 haud
269 2223 424 2261 equidem
449 2222 569 2252 mirum
589 2234 596 2253 ε
620 2221 698 2252 faex
722 2226 775 2252 est
797 2221 889 2260 quod
914 2221 1082 2251 cernimus
1107 2223 1205 2248 extra
1227 2217 1368 2257 Haupt:
1396 2216 1440 2248 H.
1459 2227 1486 2247 e.

154 2265 275 2296 mirum
300 2265 394 2306 facie,
419 2276 486 2305 qua
511 2265 682 2296 cernimus
707 2270 804 2295 extra
827 2264 955 2295 Munro
1064 2272 1126 2301 457
1153 2262 1188 2293 Si
1219 2261 1266 2292 C:
1291 2261 1360 2291 Sed
1385 2271 1404 2290 r
1423 2260 1489 2291 Ar.

156 2314 263 2339 restat
282 2308 309 2339 C
321 2309 386 2340 Ar.
404 2321 411 2340 :
436 2307 545 2352 restat
562 2320 581 2339 r
638 2308 705 2339 illic
719 2308 785 2338 Cr:
809 2318 893 2338 num
911 2307 1029 2338 intus?
1075 2306 1111 2337 Si
1128 2305 1254 2336 lenitur
1269 2314 1356 2344 opus
1373 2314 1467 2334 reses
1484 2316 1490 2334 :

154 2358 189 2383 at
206 2352 373 2393 Scaliger:
396 2363 490 2383 reses
506 2362 545 2383 ac
562 2352 600 2384 de
616 2351 776 2382 Serionne
875 2361 941 2390 459
965 2351 1105 2391 pignora
1125 2349 1152 2380 C
1251 2349 1316 2386 460
1340 2347 1423 2378 uiris
1442 2347 1490 2378 C:

154 2396 246 2427 curis
265 2397 354 2428 rAr.
437 2397 584 2427 minatus
603 2396 652 2427 C:
677 2395 836 2426 mimutus
853 2405 892 2425 r:
915 2395 1063 2425 minatur
1083 2393 1210 2424 Ulitz'us.
1257 2392 1338 2422 Post
1353 2391 1442 2421 hunc
1457 2401 1488 2420 u.

155 2440 312 2470 lacunam
329 2450 404 2471 cum
421 2439 589 2471 Munrone
604 2440 722 2471 notam·
822 2439 882 2477 461
901 2438 1145 2478 extemploque
1163 2447 1202 2467 r:
1219 2435 1446 2475 exemploque
1466 2433 1493 2464 C

795 2505 841 2544 55
