1783 2876
709 212 862 250 AETN
865 213 902 250 A

144 324 262 362 Nunc
291 335 391 373 opus
419 321 610 360 artificem
639 320 800 359 incendi
829 333 1070 370 causamque
1100 320 1280 371 reposcit,

143 390 237 427 Non
266 388 372 426 illam
401 387 511 438 parui
541 395 608 425 aut
638 386 767 425 tenuis
797 385 1058 425 discriminis:
1098 385 1233 435 ingens

144 453 256 492 Mille
284 452 358 491 sub
387 451 529 502 exiguo
559 456 685 502 ponet
710 451 790 490 tibi
814 458 988 501 tempore
1016 463 1120 489 uera.

142 518 223 556 Res
252 516 437 567 oculique
467 518 637 555 docent:
676 529 736 555 res
766 516 874 566 ipsae
903 517 1063 554 credere
1093 522 1251 565 cogunt.
1414 529 1478 561 190

141 581 250 632 Quin
279 582 397 621 etiam
427 590 534 621 tactu
564 595 747 621 moneam
776 581 1016 631 contingere,
1047 588 1133 619 tuto

141 646 180 685 Si
210 646 351 686 liceat:
394 647 607 698 prohibent
636 648 831 693 flammae,
863 645 1124 695 custodiaque
1154 644 1254 695 ignis

141 711 203 750 Illi
232 725 396 763 operum
427 720 486 751 est
514 725 652 751 arcens
679 711 821 758 aditus,
852 711 1069 761 diuinaque
1098 723 1227 749 rerum

140 778 194 815 Vt
224 777 348 816 maior
376 777 528 828 species
558 785 596 816 et
625 790 675 816 ne
704 783 905 815 succurrat
935 775 1062 814 inanis

141 843 245 882 Cura
275 843 359 882 sine
387 842 548 882 arbitrio
577 850 646 881 est.
705 843 846 880 eadem
878 843 1015 892 procul
1045 840 1181 880 omnia
1209 852 1358 886 cernes,
1418 855 1476 887 195

140 908 226 946 Nec
255 915 388 947 tamen
418 915 478 947 est
505 907 685 954 dubium,
718 906 875 958 penitus
905 906 1003 956 quid
1029 912 1210 956 torqueat
1239 906 1420 951 Aetnam,

139 974 220 1011 Aut
250 972 337 1023 quis
367 972 570 1012 mirandus
600 980 732 1011 tantae
762 972 872 1011 faber
900 971 1061 1022 imperet
1090 970 1173 1009 arti.

142 1037 302 1077 Pellitur
331 1046 489 1077 exustae
517 1039 775 1088 glomeranter
803 1037 963 1076 nimbus
994 1038 1175 1083 harenae,

141 1104 366 1153 Flagrantes
395 1110 607 1154 properant
636 1104 773 1150 moles,
805 1104 1021 1141 uoluuntur
1049 1102 1100 1140 ab
1129 1101 1211 1139 imo

141 1168 444 1207 Fundamenta:
482 1168 610 1218 fragor
638 1174 721 1206 tota
750 1180 857 1206 nunc
887 1165 1081 1217 rumpitur
1111 1167 1252 1212 Aetna,
1414 1182 1476 1204 200

140 1234 259 1272 Nunc
288 1233 398 1271 fusca
427 1234 575 1284 pallent
603 1231 789 1271 incendia
818 1231 939 1270 mixta
968 1231 1090 1270 ruina.

142 1319 185 1351 C:
207 1320 241 1351 in
257 1319 288 1351 S
300 1323 478 1360 supersunt
492 1323 624 1350 tantum
642 1318 719 1349 haec
732 1328 819 1349 -rum
836 1319 1006 1358 sedesque
1022 1327 1179 1348 arearum
1197 1322 1248 1348 est
1267 1328 1273 1348 :
1298 1317 1395 1348 Haec
1413 1317 1478 1348 illis

140 1369 311 1395 tantarum
342 1364 513 1403 sedesque
544 1373 624 1394 area
650 1372 762 1393 rerum
793 1367 845 1393 est
872 1373 914 1393 v:
950 1362 1048 1392 Haec
1081 1362 1151 1401 igni
1177 1361 1358 1392 Matthiae:
1392 1361 1477 1392 haec

140 1408 198 1438 iris
234 1407 346 1447 Unger
536 1408 594 1446 187
634 1407 752 1437 iterum
785 1407 925 1446 scriptus
954 1409 1001 1436 est
1029 1406 1063 1436 in
1094 1416 1114 1436 v
1140 1409 1216 1445 post
1248 1415 1308 1444 193
1428 1406 1477 1435 in-

140 1451 238 1482 cendi
277 1451 321 1481 C:
363 1451 524 1481 incendia
554 1450 627 1481 Sv:
665 1450 812 1480 incendii
851 1450 925 1489 Gyr.
1086 1449 1148 1479 188
1187 1449 1310 1487 ingens
1341 1448 1478 1488 scripsi:

140 1495 238 1533 ignes
265 1493 353 1526 codd.
383 1494 450 1525 nisi
476 1494 567 1533 quod
595 1504 634 1524 ex
660 1493 736 1532 Gyr.
764 1492 910 1524 traditur
935 1492 1012 1523 Non
1040 1492 1130 1523 illam
1158 1502 1264 1532 paruo
1292 1496 1350 1522 aut
1381 1493 1476 1522 tenui

141 1538 334 1569 discrimine
372 1537 492 1576 signis,
527 1537 617 1578 quod
650 1537 798 1567 seruauit
830 1537 952 1576 Haupt
982 1536 1090 1575 signis
1125 1536 1160 1566 in
1194 1536 1311 1575 signes
1348 1540 1478 1566 mutato

143 1584 204 1621 189
227 1586 334 1622 ponet
357 1582 416 1612 tibi
439 1581 572 1620 scripsi:
595 1585 725 1621 ponent
750 1580 793 1610 ibi
818 1580 869 1612 S:
894 1580 1101 1620 ponentibus
1128 1579 1175 1610 C:
1199 1584 1330 1618 ponent
1354 1580 1412 1610 tibi
1438 1591 1477 1610 r:

140 1636 264 1666 ponam
287 1625 345 1656 tibi
367 1636 388 1657 v
505 1629 659 1664 tempora
684 1634 766 1655 uera
793 1624 820 1655 C
840 1627 869 1654 et
890 1624 919 1656 S
943 1624 1009 1654 nisi
1028 1623 1117 1664 quod
1138 1634 1220 1654 nera
1238 1623 1351 1664 potius
1376 1623 1483 1653 uideri

136 1673 285 1710 poterat:
322 1669 386 1700 sub
425 1669 585 1708 exiguum
626 1669 765 1699 uenient
806 1668 866 1699 tibi
904 1667 1047 1708 pignora
1085 1672 1219 1706 tempus
1258 1667 1405 1697 traditur
1439 1678 1479 1697 ex

143 1713 230 1753 Cyn,
263 1713 354 1753 quod
379 1713 512 1752 falsum
546 1722 612 1744 esse
645 1712 732 1742 mihi
761 1712 935 1751 persuasi:
978 1711 1076 1750 ignes
1118 1711 1211 1741 Mille
1249 1711 1311 1742 sub
1350 1711 1477 1749 exiguo

141 1761 271 1796 ponent
301 1757 361 1787 tibi
394 1761 547 1796 tempore
580 1766 696 1786 ueram
728 1755 855 1786 Munro
1001 1765 1063 1794 190
1086 1754 1203 1786 oculos
1235 1755 1365 1785 ducunt
1399 1754 1473 1794 Gyr.

143 1806 267 1840 cogunt
283 1800 338 1831 CS
351 1811 357 1831 :
381 1805 506 1839 cogent
525 1799 599 1840 Gyr.
695 1809 752 1838 191
779 1809 936 1830 moneam
957 1798 1030 1839 Gyr.
1045 1802 1075 1829 et
1088 1799 1133 1828 sic
1146 1809 1186 1828 cx
1199 1799 1278 1830 coni.
1295 1798 1456 1828 Heinsius
1470 1810 1477 1829 ;

141 1849 303 1875 moneant
323 1855 344 1875 v
359 1844 494 1874 Arund.
511 1856 518 1876 ε
549 1848 708 1875 moueant
727 1854 762 1873 r:
795 1847 934 1874 moneat
955 1842 1010 1873 CS
1114 1846 1187 1872 tuto
1206 1841 1356 1881 Scaliger
1376 1841 1476 1871 idem-

141 1899 201 1928 que
231 1899 269 1919 ex
302 1888 377 1927 Gyr.
411 1887 576 1919 traditur:
614 1891 687 1918 toto
717 1886 803 1917 codd,
969 1896 1029 1926 193
1053 1896 1194 1925 operum
1216 1885 1284 1916 Cv:
1320 1890 1475 1924 opertum

143 1942 161 1960 r
175 1931 311 1963 Arund.
330 1942 337 1962 z
367 1931 462 1970 operi
489 1930 564 1971 Gyr.
643 1940 765 1961 arcens
784 1930 904 1970 Haupt
920 1941 928 1961 :
955 1935 1074 1960 arcent
1096 1929 1190 1960 CSrv
1269 1929 1406 1959 adhitus
1427 1928 1477 1959 S:

141 1976 239 2007 dictis
263 1987 304 2007 r:
334 1986 419 2005 num
444 1975 584 2015 adytis?
640 1974 723 2005 Post
747 1984 809 2014 193
833 1984 852 2004 v
876 1973 969 2004 habet
996 1973 1063 2012 (Va
1085 1973 1184 2003 Nunc
1207 1983 1294 2012 opus
1314 1972 1476 2003 artificem

141 2020 300 2050 incendia
316 2029 504 2059 causasque
525 2018 674 2058 reposcit
697 2018 765 2056 cat)
781 2018 812 2048 Ιι.
830 2028 854 2049 e.
873 2022 981 2055 uacat,
999 2017 1038 2056 cf
1057 2016 1104 2047 ad
1121 2018 1192 2055 187.
1237 2016 1329 2046 Hinc
1349 2015 1481 2046 uidetur

141 2063 258 2093 omissi
284 2073 400 2093 uersus
431 2063 532 2093 unius
563 2062 711 2102 spatium
731 2062 842 2101 fuisse
874 2061 906 2092 in
939 2072 973 2091 eo
998 2060 1099 2091 codice
1129 2059 1215 2091 unde
1243 2071 1263 2091 v
1285 2059 1411 2098 fluxit:
1451 2061 1479 2090 is

138 2110 263 2147 poterat
277 2117 342 2138 esse
361 2105 438 2145 185b
538 2116 597 2145 ¹94
621 2106 660 2145 cs.
678 2104 725 2136 ad
742 2107 825 2144 185:
850 2110 930 2136 etne
950 2104 996 2135 C:
1020 2104 1145 2135 aethne
1161 2103 1210 2134 S:
1235 2103 1361 2134 ethnae
1380 2114 1416 2133 r:
1441 2109 1477 2134 ut

143 2160 186 2180 ne
202 2161 222 2180 v
239 2161 246 2181 :
270 2156 305 2181 et
322 2160 365 2180 ne
379 2150 496 2190 scripsi
579 2160 625 2180 an
642 2150 839 2181 succumbat
856 2148 889 2178 in
908 2148 1007 2180 annis
1019 2150 1034 2179 ‘?
1167 2157 1227 2186 195
1252 2147 1306 2178 sin
1330 2157 1350 2178 v
1366 2158 1373 2178 ε
1402 2145 1478 2177 sine

142 2194 280 2224 arbitrio
308 2198 361 2225 est
388 2194 530 2225 eadem:
565 2193 683 2233 procul
714 2205 732 2224 r
831 2202 955 2223 cernes
984 2191 1060 2223 CS:
1094 2192 1206 2222 cernis
1233 2201 1270 2221 νυ
1416 2192 1478 2229 196

143 2237 223 2276 quid
253 2237 355 2278 Gyn:
387 2238 468 2277 quin
496 2236 613 2268 CSrv:
646 2237 723 2277 quis
750 2235 899 2276 Scaliger
1014 2239 1172 2275 torqueat
1201 2234 1315 2265 CSrv:
1349 2238 1478 2264 torreat

145 2280 221 2320 Gyr.
348 2281 473 2312 aethna
500 2280 565 2312 Cr:
595 2281 700 2312 hetna
723 2291 766 2311 v:
796 2290 856 2311 -na
883 2282 1018 2310 tantum
1046 2279 1078 2309 in
1103 2278 1132 2310 S
1153 2277 1299 2319 dispexi:
1328 2277 1476 2308 Aetnam

142 2323 291 2364 Scaliger
436 2335 496 2364 197
523 2325 669 2364 imperet
692 2323 737 2356 ed.
765 2324 845 2355 Par.
876 2333 982 2362 1507:
1013 2323 1156 2361 imperat
1175 2321 1221 2352 Cr
1276 2321 1305 2352 S
1327 2321 1390 2361 legi
1411 2332 1477 2352 non

138 2372 267 2408 poterat
404 2369 464 2408 198
497 2373 641 2400 exustae
672 2367 717 2398 ed.
748 2367 826 2399 Par.
865 2377 970 2406 1507:
1009 2371 1133 2397 exutae
1166 2365 1253 2396 Crv:
1291 2365 1477 2396 exhaustae

145 2411 221 2451 Gyr.
349 2412 559 2451 glomeratur
598 2412 666 2443 Cv:
705 2410 938 2451 glomerantur
975 2409 1045 2441 Sr:
1085 2409 1296 2449 glomeratim
1335 2408 1481 2439 traditur

143 2466 182 2485 ex
210 2454 312 2494 Gyn:
351 2455 557 2495 glomeratus
587 2455 685 2486 Itali:
715 2454 947 2494 glomeranter
979 2454 1031 2484 uel
1058 2454 1267 2493 glomerator
1295 2453 1477 2492 scripserim

143 2499 291 2539 nymbus
307 2498 337 2531 S
480 2509 541 2539 199
566 2499 736 2538 Flagrant'
756 2500 782 2539 (ἓ
796 2497 1009 2538 Flagranter)
1030 2508 1050 2529 v
1140 2496 1303 2528 uoluntur
1325 2495 1375 2528 C:
1407 2495 1475 2527 uol-

143 2549 267 2574 uuntur
282 2542 312 2575 S
445 2552 506 2575 201
532 2543 689 2575 incendia
708 2542 763 2575 CS
779 2554 787 2573 :
810 2542 946 2574 incendi
964 2552 982 2572 r

787 2598 832 2637 25
