1783 2876
734 171 1169 211 PROLEGOMENA

381 287 449 322 209
478 276 648 322 Exigitur
672 276 770 312 uenti
797 277 924 311 turbas
950 275 1113 311 auertice
1140 287 1252 311 saeuo
1281 275 1311 310 C

679 335 817 370 uetitur
842 346 930 369 saxa
955 335 1094 370 uertice
1113 361 1120 369 .
1139 360 1148 369 .
1166 360 1174 369 .
1201 332 1324 379 -l-(sic)
1361 332 1478 368 Rehd.

382 404 449 439 344
476 396 570 430 Cum
596 394 686 429 rexit
712 394 809 428 uires
838 393 869 428 C

477 454 553 488 Cur
578 453 651 487 exit
678 453 775 487 uires
800 452 916 488 Reled.

382 521 448 556 372
476 513 600 547 Causa
625 513 713 546 latet
740 523 834 556 quae
859 516 1006 555 rumpat
1032 510 1101 544 iter
1128 509 1159 544 C

740 576 920 614 quaerunt
945 568 1083 613 pariter
1107 568 1197 602 xvth
1215 574 1311 602 cent.
1331 567 1444 602 MSS.

384 629 450 673 383
478 628 517 663 Si
543 634 688 663 cessata
714 627 774 662 diu
800 627 962 661 referunt
988 625 1193 661 certamina
1218 625 1318 660 uenti
1347 626 1376 660 C

480 687 518 721 Si
546 693 668 722 cessat
694 686 716 720 a
743 686 821 720 iure
846 686 967 720 ferunt
1276 683 1392 718 Relul.

383 755 452 789 434
477 757 545 780 nec
571 745 684 779 obesa
709 743 890 779 bitumine
917 750 1014 778 terra
1039 749 1096 778 est
1127 743 1157 778 C

805 802 975 836 acumine
1000 802 1116 836 Rehd.
1135 803 1170 836 A
1177 801 1289 836 rund.

383 871 453 905 490
480 861 591 905 Quod
619 860 647 895 si
676 861 766 896 forte
794 861 895 895 cauis
922 868 1116 895 cunctatus
1143 860 1299 894 uallibus
1320 857 1440 893 haesit
1469 857 1500 892 C

1145 917 1295 952 uasibus
1369 915 1486 950 Relzd.

387 987 452 1023 537
482 977 671 1013 Heraclite
697 977 750 1012 tui
780 978 811 1013 C

482 1036 660 1072 Heracliti
688 1043 722 1071 et
750 1036 811 1071 ubi
838 1042 893 1071 est
921 1035 1036 1070 Rehd.

481 1095 654 1129 Eradicet
682 1094 742 1129 ubi
911 1094 1130 1129 Helmstadt
1146 1094 1237 1128 MS.

386 1162 454 1199 574
479 1154 676 1199 felicesque
702 1153 824 1188 alieno
851 1153 1076 1188 intersumus
1102 1164 1194 1187 aeuo
1224 1153 1254 1186 C

921 1212 1125 1246 interssimo
1285 1210 1446 1244 Helmst.

923 1277 1154 1304 transumere
1283 1267 1397 1302 Rehd.

296 1387 302 1394 .
347 1340 395 1393 (c)
427 1341 548 1381 Cases
577 1341 704 1379 where
739 1341 784 1389 C,
821 1341 972 1391 though
1002 1353 1148 1390 wrong,
1176 1338 1307 1389 points
1337 1336 1628 1386 unmistakably

292 1420 334 1451 to
355 1414 421 1451 the
441 1412 542 1462 right
562 1411 723 1461 reading
743 1426 805 1449 :—

389 1498 456 1533 213
484 1490 584 1523 Nam
612 1499 727 1533 prope
753 1487 979 1533 nequiquam
1005 1499 1073 1532 par
1098 1494 1154 1521 est
1179 1486 1341 1521 uolentia
1368 1496 1516 1530 semper
1543 1484 1573 1519 C

294 1561 394 1597 from
416 1560 583 1597 uolentia
603 1558 632 1596 it
652 1558 683 1596 is
703 1571 726 1595 a
747 1559 855 1596 short
876 1566 962 1608 step
983 1565 1023 1596 to
1044 1558 1237 1595 uiolentia.

296 1631 384 1668 The
405 1643 438 1668 v.
462 1629 492 1668 is
514 1631 724 1679 corrupted
745 1628 785 1666 in
805 1629 927 1667 Rehd.
950 1641 992 1667 as
1013 1629 1162 1666 follows
1179 1643 1242 1665 2-—

486 1711 586 1745 Nam
613 1721 679 1755 pro
705 1721 827 1756 poena
853 1710 1051 1755 quicquam
1078 1721 1145 1755 par
1171 1715 1227 1744 est
1254 1708 1446 1743 uoluentia
1473 1719 1631 1753 semper.

392 1779 457 1814 335
488 1771 732 1815 Prospectant
760 1769 928 1804 sublimis
956 1780 1048 1814 opus
1078 1770 1107 1803 C

298 1845 319 1883 i.
339 1859 370 1883 e.
396 1847 656 1895 Prospectans
676 1858 703 1883 s.
720 1858 755 1883 o.

302 1918 530 1966 Prospectat
550 1915 675 1953 Relzd.
698 1929 721 1953 a
741 1922 827 1965 step
848 1915 992 1953 farther
1012 1915 1110 1952 from
1132 1915 1199 1952 the
1220 1921 1304 1952 true
1324 1912 1496 1963 reading.

394 1994 474 2037 398,
490 2002 558 2036 399
943 1992 1017 2026 Sed
1044 1991 1207 2025 maxima
1232 2001 1344 2025 causa
1368 1989 1467 2023 mola
1489 1989 1585 2024 acris

490 2051 593 2086 Illius
620 2051 766 2086 incendi
793 2049 886 2095 lapis
913 2057 967 2085 est
995 2049 1194 2084 siuindicat
1222 2055 1372 2084 aetnam

299 2122 320 2159 i.
338 2135 369 2160 c.
392 2123 425 2159 is
446 2121 520 2172 (or,
538 2120 604 2172 sic)
626 2120 812 2159 uindicat.

303 2194 349 2230 In
370 2193 492 2230 Relad.
516 2193 582 2230 the
603 2206 636 2230 v.
659 2205 824 2242 appears
845 2192 935 2229 thus
955 2206 1018 2229 :—

492 2274 594 2308 Illius
620 2273 793 2308 incendia
818 2273 910 2318 lapis
935 2273 988 2308 sic
1014 2271 1186 2307 nendicat
1213 2271 1441 2312 aethnam‚÷

395 2334 464 2375 484
494 2333 629 2377 Incipit
654 2339 690 2368 et
717 2331 843 2376 prunis
871 2330 1023 2366 dimittit
1050 2330 1207 2365 collibus
1233 2329 1352 2363 undas
1381 2329 1411 2363 C

295 2409 435 2457 pronis
456 2409 664 2456 Schrader,
683 2407 881 2457 Suringar,
902 2408 1060 2444 Munro.

306 2479 415 2516 Most
436 2479 794 2528 fifteenth-ccntury
817 2478 930 2516 MSS.
955 2478 1053 2515 have
1065 2476 1220 2526 primis.

933 2546 1011 2585 lviii
