1783 2876
694 218 887 256 AETNA

123 327 269 367 Omnia
298 341 399 378 quae
428 340 556 366 rerum
586 328 627 365 in
656 334 794 364 natura
824 326 975 364 semina
1004 326 1115 373 iacta,

122 393 338 431 Seminium
367 393 443 431 hoc
474 391 626 430 mirum.
685 391 920 430 densissima
948 405 1113 442 corpora
1141 405 1258 443 saepe

122 459 173 495 Et
201 457 329 496 solido
358 456 488 495 uicina
515 464 649 495 tamen
677 455 954 506 compescimus
982 456 1072 506 igni.
1393 473 1456 506 540

122 523 215 560 Non
243 521 397 560 animos
426 521 524 560 aeris
554 521 722 559 flammis
753 521 1012 560 succumbere
1041 521 1200 560 cernis?

122 586 334 625 Lentitiem
364 586 518 637 plumbi
546 600 628 625 non
657 586 792 625 exuit?
830 586 994 636 ipsaque
1023 586 1111 625 ferri

122 651 308 691 Materies
338 653 531 702 praedura
559 660 693 690 tamen
722 651 964 690 subuertitur
993 651 1082 702 igni.

120 716 332 767 Spissaque
362 716 562 767 suspensis
591 716 816 755 fornacibus
845 729 963 754 aurea
992 729 1083 754 saxa

122 783 327 821 Exsudant
356 782 536 833 pretium,
568 790 606 820 et
635 783 832 832 quaedam
860 782 1024 819 fortasse
1053 782 1251 831 profundo
1392 795 1453 828 545

122 848 375 897 Incomperta
403 847 543 894 iacent,
575 846 771 896 similique
801 845 973 884 obnoxia
1002 854 1116 884 sorte.

121 913 207 950 Nec
237 913 346 950 locus
376 911 531 962 ingenio
559 919 641 950 est:
680 911 785 950 oculi
814 919 852 950 te
882 910 1013 949 iudice
1043 910 1214 949 uincent.

119 978 226 1016 Nam
256 976 353 1027 lapis
383 976 447 1015 ille
476 976 582 1027 riget,
614 978 924 1027 praeclususque
953 975 1108 1026 ignibus
1139 976 1280 1023 obstat,

120 1041 161 1080 Si
189 1041 318 1092 paruis
348 1049 492 1080 torrere
521 1041 619 1080 uelis
649 1043 839 1092 caeloque
869 1041 1030 1092 patenti.

120 1106 319 1146 Candenti
349 1120 558 1157 pressoque
587 1107 758 1156 agedum
788 1108 947 1145 fornace
977 1119 1116 1145 coerce
1138 1121 1147 1154 3
1395 1120 1458 1153 550

121 1173 208 1210 Nec
237 1173 396 1210 sufferre
425 1180 555 1222 potest
584 1185 658 1210 nec
688 1185 851 1210 saeuum
882 1172 996 1210 durat
1027 1170 1067 1209 in
1097 1172 1263 1210 hostem.

121 1236 302 1275 Vincitur
330 1245 368 1275 et
398 1236 516 1275 soluit
545 1236 646 1275 uires
676 1245 896 1287 captusque
925 1236 1116 1286 liquescit.

121 1303 236 1351 Quae
266 1301 413 1340 maiora
442 1310 555 1352 putas
584 1310 713 1340 artem
743 1310 939 1340 tormenta
968 1315 1128 1340 mouere

122 1368 243 1406 Posse
273 1369 423 1406 manu?
461 1380 563 1417 quae
593 1375 701 1405 tanta
730 1374 844 1417 putas
874 1366 1060 1405 incendia
1088 1366 1230 1405 nostris

121 1433 347 1471 Sustentare
376 1432 530 1482 opibus,
561 1431 715 1482 quantis
745 1431 971 1470 fornacibus
1001 1434 1132 1470 Aetna
1392 1447 1454 1479 555

119 1497 263 1544 Vritur‚
294 1511 438 1535 arcano
467 1511 687 1547 numquam
718 1511 793 1534 non
824 1496 959 1535 fertilis
989 1496 1100 1547 igni?

120 1563 198 1601 Sed
228 1576 309 1601 non
339 1562 407 1612 qui
436 1570 570 1600 nostro
599 1564 723 1601 feruet
753 1562 992 1601 moderatior
1020 1575 1104 1608 usu,

120 1628 199 1667 Sed
229 1630 338 1666 caelo
368 1628 537 1678 propior,
570 1629 634 1666 uel
664 1627 770 1678 quali
801 1627 979 1678 Iuppiter
1007 1627 1090 1677 ipse

119 1695 305 1731 Armatus
335 1694 495 1731 flamma
523 1701 592 1731 est.
651 1692 710 1730 his
740 1692 888 1731 uiribus
917 1692 1076 1731 additur
1103 1692 1240 1742 ingens

121 1757 296 1808 Spiritus,
327 1758 522 1797 adstrictis
552 1758 669 1797 elisus
699 1758 902 1796 faucibus:
942 1766 996 1805 ut,
1027 1771 1119 1796 cum
1394 1766 1458 1804 560

122 1823 295 1862 Fabriles
325 1837 463 1874 operae
491 1823 655 1862 rudibus
685 1824 928 1861 contendere
958 1822 1096 1861 massis

122 1888 335 1935 Festinant,
367 1888 476 1938 ignes
505 1888 688 1938 quatiunt
716 1889 909 1938 follesque
938 1896 1149 1926 trementes

165 1960 230 1998 538
254 1968 365 1989 rerum
383 1958 416 1988 in
435 1957 604 1988 Baehrens
621 1969 627 1988 :
651 1968 762 1988 rerum
782 1958 828 1988 Cr
837 1959 902 1989 Ar.
1031 1968 1095 1997 539
1120 1958 1307 1988 seminium
1324 1959 1457 1998 scripsi:

121 2003 182 2033 sed
200 2003 338 2033 nimium
359 2001 403 2032 Cr
417 2003 482 2032 Ar.
600 2012 663 2041 542
690 2002 857 2032 Lenitiem
875 2001 921 2032 C:
947 2001 1129 2032 Lentitiem
1146 2002 1210 2032 Ar.
1224 2013 1243 2031 r
1330 2002 1456 2041 plumbi

125 2045 170 2076 Cr
193 2046 258 2078 Ar.
286 2045 377 2086 quod
401 2049 580 2075 scruarunt
604 2045 827 2076 Hildebrandt
849 2050 878 2075 ct
901 2045 1086 2076 Sudhaus:
1119 2045 1290 2084 plumbum
1318 2045 1458 2076 Clericus

122 2093 152 2119 et
167 2089 213 2120 sic
228 2094 373 2129 excerpta
394 2089 576 2120 Pitlzoeana
718 2091 783 2128 546
807 2095 900 2119 sorte
926 2089 973 2120 C:
1001 2089 1084 2119 sorti
1111 2100 1130 2118 r
1147 2089 1213 2119 Ar.
1238 2088 1320 2119 ΑΜ.
1351 2099 1431 2128 1517
1450 2101 1456 2119 :

123 2133 227 2163 sortei
245 2133 370 2163 Mauro
519 2143 581 2172 547
607 2133 780 2172 ingenium
800 2132 920 2164 CrAr.
941 2143 948 2163 :
971 2132 1109 2171 ingenio
1125 2132 1240 2163 Sloan.
1261 2136 1290 2162 et
1304 2132 1349 2163 cd.
1375 2143 1456 2172 1475

123 2177 188 2215 548
214 2176 299 2207 Nam
318 2176 491 2207 rHelmst.
511 2188 517 2206 :
544 2177 615 2206 Nec
637 2176 665 2206 C
758 2177 1003 2216 preclususque
1023 2176 1069 2206 C:
1094 2186 1344 2215 percussusque
1363 2188 1380 2206 r
1392 2177 1455 2207 Ar.

123 2229 187 2259 550
212 2230 417 2259 praessoque
435 2231 473 2250 r:
498 2230 703 2260 pressosque
722 2220 750 2250 C
815 2221 960 2250 coherce
979 2219 1007 2250 C
1114 2230 1177 2259 553
1201 2224 1307 2250 artem
1324 2220 1456 2260 scripsi:

124 2268 236 2294 autem
256 2263 302 2294 C:
325 2274 440 2294 aurem
460 2274 478 2293 r
491 2264 556 2295 Ar.
641 2274 779 2294 mouere
799 2263 845 2293 C:
870 2264 999 2293 moueri
1019 2274 1037 2293 r
1050 2263 1112 2294 Ar.
1236 2273 1299 2302 555
1324 2269 1456 2294 susten-

125 2307 187 2337 tari
204 2306 249 2338 cd.
269 2306 379 2338 Paris.
402 2316 483 2345 1507
595 2308 731 2346 quantis
755 2307 832 2338 ΑΜ.
858 2317 939 2346 1517
957 2318 964 2337 :
988 2307 1092 2337 tantis
1111 2306 1157 2337 Cr
1170 2306 1232 2337 Ar.
1391 2310 1456 2346 556

125 2361 249 2381 arcano
265 2351 398 2388 scripSi:
424 2360 462 2380 ac
480 2360 577 2381 sacro
597 2350 643 2381 C:
666 2362 685 2381 a
703 2361 799 2381 sacro
817 2362 836 2381 r
849 2352 914 2382 Ar.
1005 2361 1074 2380 non
1091 2350 1140 2381 ed.
1158 2351 1236 2381 Par.
1262 2359 1344 2388 1507
1359 2361 1365 2380 :
1393 2362 1455 2382 nec

127 2393 173 2425 Cr
194 2393 284 2425 An:
305 2394 386 2432 sort.
415 2404 595 2434 numquam
621 2395 704 2425 haec
730 2404 799 2424 non
825 2394 945 2425 fertilis
969 2393 1039 2432 igni
1183 2403 1244 2432 557
1271 2399 1407 2424 nostros
1432 2395 1451 2426 f.

124 2437 319 2467 moderatus
334 2437 367 2467 in
382 2447 463 2467 usus
480 2441 623 2478 excerpta
637 2438 819 2468 Pitlzocana
894 2438 958 2476 558
975 2438 1134 2476 propiore
1151 2442 1184 2468 et
1198 2437 1319 2476 Haupt
1391 2448 1456 2478 559

124 2481 259 2511 additur
272 2480 318 2510 C:
341 2480 477 2511 additus
495 2492 514 2510 r
527 2481 670 2512 Helmst.
685 2482 747 2512 Ar.
819 2482 880 2519 561
907 2491 1011 2520 opera
1027 2482 1188 2511 erudibus
1208 2480 1323 2511 CrAr.
1393 2484 1455 2519 562

124 2524 320 2555 fremente-is
337 2528 479 2564 excerpta
495 2523 675 2555 Pithocana
691 2536 698 2556 :
723 2531 894 2556 tumentes
912 2523 1140 2555 Lindenbrucli

765 2571 812 2619 65
1326 2580 1346 2605 r·
