1783 2876
703 216 897 255 AETNA

136 328 245 366 Dum
274 339 358 366 sese
387 324 513 377 pretio
542 324 749 372 redimant,
781 338 1000 375 uerumque
1029 326 1228 376 professae
1407 329 1469 363 260

134 394 240 431 Tum
270 393 432 430 demum
462 390 560 429 uiles
590 398 747 429 taceant
776 389 997 440 inopesque
1027 390 1195 428 relictae.

134 455 284 496 Noctes
313 464 432 506 atque
461 455 545 494 dies
576 455 765 494 festinant
794 468 890 494 arua
919 454 1078 502 coloni3

135 522 290 561 Callent
319 534 406 559 rure
435 533 588 567 manus,
618 520 822 570 glebarum
852 519 1111 570 expendimus
1142 532 1265 557 usum.

133 585 285 624 Fertilis
315 587 413 625 haec
443 585 646 636 segetique
676 584 851 632 feracior,
881 586 1003 623 altera
1031 584 1113 622 uiti.

133 651 248 690 Haec
276 651 444 702 platanis
473 653 629 698 humus,
661 652 759 689 haec
789 650 920 689 herbis
950 649 1180 701 dignissima
1209 650 1335 695 tellus,
1406 654 1466 696 265

133 717 248 755 Haec
277 717 380 755 dura
409 722 448 755 et
473 716 611 755 melior
640 715 773 766 pecori
803 715 991 766 siluisque
1021 714 1158 754 fidelis.

132 781 315 821 Aridiora
343 789 479 820 tenent
509 783 631 828 oleae,
663 780 840 819 sucosior
868 780 984 819 ulmis

131 847 277 885 Grata:
317 848 424 886 leues
454 846 630 885 cruciant
658 845 812 884 animos
842 853 881 884 et
910 858 1075 895 corpora
1103 857 1255 890 causae,

133 913 288 951 Horrea
316 911 374 950 uti
402 919 588 959 saturent,
620 918 799 950 tumeant
828 918 867 949 et
895 912 1003 950 dolia
1032 918 1175 957 musto,

130 977 332 1027 Plenaque
361 978 523 1016 desecto
552 984 711 1026 surgant
740 975 900 1015 faenilia
928 988 1082 1026 eampo.
1406 990 1467 1024 270

129 1041 192 1081 Sic
221 1041 329 1081 auidi
358 1055 523 1092 semper,
555 1055 633 1092 qua
661 1041 792 1080 uisum
821 1049 880 1080 est
909 1040 1049 1089 carius,
1077 1040 1151 1078 itis.

561 1115 569 1132 l

172 1141 238 1171 260
261 1144 339 1172 sese
366 1140 394 1172 C
485 1141 640 1172 redmant
664 1151 844 1180 rerumque
869 1140 1024 1180 professe
1047 1139 1118 1170 Esc.
1139 1151 1146 1170 :
1172 1139 1326 1178 professa
1349 1144 1402 1170 est
1426 1150 1466 1169 r:

128 1194 315 1224 aurumque
339 1184 492 1225 Maehly:
524 1184 722 1224 lucrumque
746 1185 935 1215 Baehrens:
953 1184 1034 1223 sort.
1061 1187 1307 1222 quaestumque
1406 1193 1463 1214 uu.

130 1229 281 1267 261-300
296 1229 432 1259 exscisso
444 1239 505 1268 301
515 1252 522 1266 ,
534 1231 562 1258 et
572 1238 701 1267 302—44
714 1228 850 1259 exscisso
866 1238 906 1266 34
911 1237 939 1266 5,
956 1231 1067 1258 extant
1077 1227 1109 1256 in
1122 1226 1159 1266 S,
1173 1226 1232 1257 sed
1241 1227 1319 1257 utin
1334 1237 1465 1266 302—44

129 1275 263 1302 tantum
283 1278 366 1312 pars
390 1283 562 1311 uersuum,
590 1282 691 1311 eaque
712 1272 809 1312 prior
828 1271 969 1312 supersit
1099 1272 1159 1301 261
1186 1275 1320 1303 taceant
1347 1270 1465 1301 CSrv:

131 1315 264 1346 iaceant
281 1316 441 1347 Matthiae
456 1320 484 1346 et
498 1316 544 1346 sic
558 1319 700 1355 excerpta
716 1315 897 1345 Pithocana
943 1314 1059 1353 Turpe
1073 1314 1177 1345 silent
1191 1319 1282 1344 artes
1299 1314 1385 1345 uiles
1398 1314 1419 1346 i.
1436 1325 1461 1346 r.

130 1359 202 1390 Esc.
221 1370 228 1390 :
252 1359 337 1390 Tum
356 1360 491 1390 demum
510 1359 722 1398 humilesque
736 1359 846 1390 iacent
862 1369 901 1388 ex
914 1358 990 1398 Gyr.
1009 1357 1153 1388 traditur
1166 1362 1279 1388 contra
1297 1362 1441 1388 metrum
1458 1370 1464 1388 :

131 1403 284 1442 uilesque
297 1404 409 1434 iacent
422 1403 554 1441 Illaehly
612 1404 676 1433 262
694 1403 855 1433 festinent
868 1402 937 1433 CS:
957 1402 1120 1433 festinant
1130 1402 1203 1432 Esc.
1274 1403 1337 1440 263
1350 1412 1426 1432 rura
1437 1401 1466 1432 S

131 1447 335 1486 expellimur
345 1457 405 1477 usu
423 1446 574 1477 CSrEsc.
592 1457 599 1476 τ
623 1446 826 1486 expellimus
839 1456 901 1476 usu
915 1457 953 1476 v:
980 1445 1207 1484 expendimus
1221 1455 1317 1476 usum
1334 1445 1408 1484 Gyr.
1423 1445 1460 1484 cs:

132 1489 235 1521 Gratt.
254 1490 421 1530 Cyn.122:
443 1490 651 1530 expenditur
663 1500 744 1520 usus
762 1489 976 1529 chrnsdoff:
1001 1489 1199 1520 excellimus
1212 1499 1274 1519 usu
1285 1489 1322 1519 F.
1340 1488 1466 1519 lValter

710 1542 718 1558 l

128 1569 192 1607 264
215 1568 396 1607 segetique
410 1567 485 1598 CSv
494 1567 564 1599 Esc.
581 1578 588 1598 :
608 1572 793 1607 segeteque
811 1578 846 1598 r:
870 1567 982 1605 segeti
996 1567 1142 1597 feracior
1157 1566 1301 1596 traditur
1310 1577 1349 1596 ex
1364 1566 1438 1606 Gyr.
1456 1579 1462 1597 ε

127 1612 321 1651 segetisque
337 1611 384 1642 ed.
406 1610 543 1651 Gryphii
557 1619 640 1650 1547
658 1611 784 1641 Munro
867 1610 1009 1641 feratior
1024 1610 1053 1641 S
1068 1609 1140 1641 Esc.
1229 1610 1288 1640 uiti
1308 1609 1371 1640 Οἳ)
1387 1610 1459 1642 Esc.

130 1654 205 1694 Gyr.
226 1666 233 1686 :
255 1655 333 1686 uitis
344 1655 390 1687 ed.
408 1654 528 1696 Gryph.
545 1655 670 1685 Mmzro
747 1655 809 1693 265
834 1654 982 1694 platanis
991 1653 1081 1685 codd.
1098 1665 1105 1684 z
1129 1653 1254 1693 plantis
1267 1653 1413 1684 traditur
1426 1665 1464 1684 ex

130 1698 208 1738 Gyr.
302 1699 470 1730 ditissima
487 1702 630 1739 excerpta
647 1697 840 1737 Pithoeana‚
864 1697 1080 1738 W'asscnbeaeg
1160 1697 1250 1728 tellis
1269 1697 1297 1728 C
1397 1699 1463 1728 266

128 1743 211 1773 dura
225 1747 259 1773 et
272 1742 340 1774 Esc.
360 1754 367 1773 :
387 1743 471 1774 duro
486 1741 562 1782 Gyr.
575 1743 584 1759 ¹
599 1753 606 1772 ε
631 1742 728 1772 diuiti
742 1741 818 1773 CS:
842 1742 937 1772 duuti
950 1752 988 1772 r:
1013 1740 1328 1777 diuti<siclArnmL
1346 1752 1353 1771 :
1377 1741 1462 1772 dura

127 1786 241 1817 utilior
257 1786 418 1817 Matthiae
476 1786 628 1825 sillisque
642 1785 671 1816 S
757 1787 820 1824 267
838 1786 949 1816 ulmus
969 1784 1064 1816 CSr:
1087 1785 1186 1816 ulmis
1202 1795 1222 1815 v
1235 1784 1307 1816 Esc.
1398 1786 1461 1816 268

128 1831 276 1861 crutiant
300 1830 330 1861 S
346 1829 416 1861 Esc.
506 1840 606 1860 sause
630 1829 701 1860 Esc.
727 1840 811 1860 num
837 1831 964 1860 curae?
1053 1839 1154 1860 curae
1179 1832 1324 1868 excerpta
1347 1828 1460 1859 Pitho-

103 1886 111 1894 ·
127 1884 210 1904 eana
334 1875 399 1913 269
423 1878 576 1904 tumeant
596 1873 651 1904 CS
667 1873 737 1904 Esc.
759 1884 766 1903 ε
789 1873 933 1903 tundant
951 1884 990 1903 r:
1015 1873 1181 1903 tundeant
1198 1871 1333 1903 Arund.
1352 1872 1456 1911 κίονί.

127 1918 270 1948 tendant
359 1923 393 1948 et
420 1917 494 1948 CSr
522 1917 593 1948 Esc.
612 1928 620 1947 ι
656 1921 692 1946 ut
719 1920 862 1957 excerpta
893 1916 1074 1947 Pithoeana
1093 1927 1100 1946 :
1137 1927 1177 1946 ex
1209 1915 1284 1955 Gyr.
1319 1915 1463 1946 traditur

129 1960 333 2001 Horreaque
358 1966 393 1991 ut
415 1965 531 1991 sature
555 1965 708 1991 tumeant
732 1964 768 1991 ut
793 1960 881 1991 dolia
905 1966 1016 1991 musto
1109 1959 1209 1990 dolea
1235 1958 1290 1990 CS
1310 1959 1461 1990 Munro:

128 2004 217 2036 dolia
235 2006 334 2036 rEsc.
443 2015 499 2035 uu.
530 2005 661 2043 270—85
678 2005 712 2034 in
731 2003 832 2034 codice
846 2002 1073 2034 Laurentiano
1088 2013 1141 2042 33.
1163 2014 1184 2042 9
1199 2002 1363 2033 chartaceo
1378 2013 1456 2034 saec.

126 2059 170 2078 xv
184 2049 400 2088 continentur,
421 2048 479 2088 qui
492 2048 658 2078 utclarius
673 2047 892 2087 exhibeantur,
910 2047 954 2078 sic
969 2051 1007 2077 ut
1020 2058 1040 2078 a
1057 2046 1288 2077 bz'bliotlzecam'o
1305 2047 1460 2077 Vaticano

127 2091 166 2122 F.
190 2092 291 2122 Ehrle
312 2092 381 2124 S.l.
403 2102 456 2122 me
477 2095 612 2132 rogante
627 2091 774 2131 descripti
794 2094 882 2127 sunt,
908 2092 941 2121 in
965 2091 1201 2121 commentario
1224 2090 1461 2130 imprimendos

125 2136 250 2171 curaui,
263 2146 340 2166 cum
357 2135 405 2166 ad
417 2136 636 2176 quaestionem
654 2146 735 2175 quae
750 2138 796 2166 est
809 2134 846 2165 de
860 2134 1038 2174 Gyraldino
1054 2134 1153 2165 codice
1167 2134 1374 2174 grauissima
1392 2145 1458 2164 non

122 2180 229 2219 parui
242 2180 403 2210 momenti
413 2190 479 2210 esse
495 2178 679 2210 uideantur.
808 2188 871 2217 270
895 2178 1023 2209 fienilia
1042 2178 1090 2208 C:
1115 2178 1251 2208 fenialia
1268 2177 1297 2208 S
1313 2188 1320 2207 τ
1343 2177 1458 2208 senilia

127 2221 198 2253 Esc.
237 2222 303 2252 Hic
315 2223 468 2253 desmunt
478 2223 548 2255 Esc.
565 2234 572 2254 :
594 2222 712 2253 reuilia
726 2221 886 2253 rArund.
901 2232 985 2252 num
1000 2222 1118 2253 eruilia
1131 2223 1147 2252 ⁶?
1214 2231 1275 2260 271
1296 2220 1352 2252 Sic
1366 2222 1457 2252 auidi

127 2275 264 2305 semper
278 2276 344 2305 qua
359 2267 469 2297 uisum
487 2271 538 2296 est
556 2267 666 2297 carius
684 2265 769 2306 (-i0r
786 2267 816 2303 r)
833 2266 907 2297 istis
929 2265 1004 2296 CSr
1016 2265 1143 2296 Μιιηνο
1158 2276 1165 2295 z
1188 2264 1221 2296 S.
1242 2275 1270 2296 a.
1289 2275 1315 2296 s.
1335 2265 1458 2304 quouis

128 2314 180 2339 est
204 2310 312 2340 carior
331 2310 414 2349 ipsis
436 2310 581 2341 traditur
596 2321 635 2340 ex
661 2308 748 2349 Cyn,
767 2312 797 2340 et
815 2310 860 2341 sic
879 2309 1145 2347 L(aurentianus
1159 2318 1210 2347 33.
1231 2309 1269 2348 9)
1288 2309 1354 2339 nisi
1369 2308 1460 2348 quod

119 2352 202 2383 43459
218 2353 302 2392 ipsis
317 2353 420 2384 habet.
513 2354 624 2384 auidis
640 2353 801 2384 Matthiae
903 2354 958 2384 itis
974 2353 1088 2393 scripsi
1100 2363 1139 2383 sc.
1162 2352 1315 2382 mortales
1331 2363 1339 2382 :
1365 2353 1456 2391 quod

127 2396 236 2427 uisum
259 2401 311 2427 est
333 2397 451 2436 carius,
472 2397 545 2428 istis
563 2396 748 2436 Implemus
768 2407 805 2427 se
827 2397 972 2437 quisque
993 2396 1092 2427 bonis
1107 2396 1250 2436 Haupt:
1275 2395 1330 2426 Sic
1347 2396 1455 2427 auidis

125 2449 262 2480 semper
276 2441 426 2489 'quaeuis
451 2450 506 2472 res
531 2441 641 2472 carior
664 2441 748 2480 ipsis
771 2440 962 2471 Baehrens:
986 2440 1042 2471 Sic
1067 2439 1175 2470 auidis
1199 2450 1225 2470 s.
1247 2439 1384 2479 quiduis
1402 2444 1455 2470 est

158 2492 168 2511 ¹
185 2494 256 2520 duro
260 2494 359 2525 suis-se
371 2494 403 2520 in
415 2494 483 2526 Gyr.
498 2497 622 2520 testatus
635 2497 677 2520 est
696 2495 792 2521 editor
807 2496 945 2521 lem-usis.
959 2494 1111 2519 Mattlu'ae
1128 2494 1237 2519 diserte
1253 2503 1308 2519 non
1327 2494 1458 2519 tradidit

121 2527 196 2560 quid
207 2529 238 2554 in
252 2528 322 2560 Gyr.
335 2529 483 2554 inuenerit
490 2536 501 2561 ,·
521 2532 639 2555 tantum
653 2528 726 2554 dicit
738 2529 886 2555 lectionem
899 2530 970 2555 dura
987 2534 1014 2554 et
1029 2528 1112 2554 illinc
1123 2527 1334 2560 confirmamm
1348 2528 1454 2553 uideri.

765 2574 812 2614 ³5
1262 2573 1341 2600 1³2
