1783 2876
710 224 903 261 AETNA

138 337 233 375 Non
262 334 379 375 cessit
407 333 594 383 cuiquam
625 332 766 371 melius
798 345 868 370 sua
897 340 1076 382 tempora
1105 345 1232 370 nosse.

192 400 340 439 Vltima
368 398 456 449 quis
485 397 608 436 tacuit
638 397 828 435 iuuenum
860 396 1077 435 certamina
1106 398 1311 435 Colchos?

138 465 238 515 Quis
267 477 348 503 non
378 462 565 513 Argolico
594 461 757 501 defleuit
788 463 1009 511 Pergamon
1040 460 1119 511 igni

138 528 369 580 Inpositam,
401 536 439 566 et
469 526 567 565 tristi
596 535 780 565 natorum
810 527 946 564 funere
977 534 1154 572 matrem,

136 596 385 632 Auersumue
415 592 533 639 diem,
566 604 798 642 sparsumue
827 591 867 629 in
898 590 1049 630 semine
1079 592 1275 629 dentem?
1434 607 1472 628 20

137 657 237 708 Quis
265 671 347 697 non
377 657 554 708 periurae
584 656 711 695 doluit
741 656 950 695 mendacia
978 655 1133 706 puppis,

137 726 344 763 Desertam
374 737 502 762 uacuo
534 723 718 762 Minoida
746 722 858 761 litore
888 724 1082 772 questus?

136 789 341 839 Quidquid
371 788 411 827 in
443 788 651 838 antiquum
681 788 849 827 †iactata
878 795 936 826 est
966 787 1099 826 fabula
1128 801 1298 825 carmen.

136 854 291 892 Fortius
321 853 474 904 ignotas
505 852 691 892 molimur
720 860 880 903 pectore
910 866 1034 899 curas,

136 918 216 968 Qui
245 926 356 957 tanto
385 926 517 957 motus
547 917 667 968 operi,
699 919 761 956 uis
788 925 933 967 quanta
962 917 1145 968 perennis
1433 934 1470 965 25

136 983 317 1035 Explicet
345 983 386 1021 in
415 984 538 1022 denso
566 985 758 1030 flammas,
792 991 831 1021 et
859 983 991 1021 trudat
1019 983 1071 1021 ab
1100 982 1181 1022 imo

135 1049 292 1100 Ingenti
321 1048 453 1087 sonitu
483 1050 607 1087 moles
637 1056 675 1087 et
703 1048 882 1099 proxima
911 1061 1093 1098 quaeque

136 1114 300 1165 Ignibus
330 1113 480 1164 irriguis
510 1121 608 1161 urat,
642 1127 754 1152 mens
784 1113 969 1152 carminis
999 1115 1098 1152 haec
1128 1122 1196 1152 est.

188 1178 388 1229 Principio
417 1191 468 1217 ne
497 1191 617 1229 quem
647 1177 777 1228 capiat
807 1177 960 1216 fallacia
989 1187 1138 1226 uatum,

134 1245 257 1282 Sedes
287 1256 373 1282 esse
403 1242 467 1282 dei
496 1242 740 1292 tumidisque
770 1256 792 1280 e
821 1242 1001 1281 faucibus
1030 1242 1163 1293 ignem
1430 1260 1472 1291 30

134 1308 304 1347 Vulcani
333 1321 455 1355 ruere,
488 1316 526 1347 et
555 1307 698 1346 clausis
727 1320 910 1346 resonare
939 1308 1118 1346 cauernis

136 1373 373 1412 Festinantis
403 1386 515 1424 opus.
575 1386 656 1411 non
687 1380 746 1411 est
775 1381 856 1410 tam
886 1372 1046 1411 sordida
1075 1373 1178 1411 diuis

134 1439 239 1478 Cura
268 1451 398 1489 neque
428 1445 621 1477 extremas
652 1437 712 1476 ius
742 1445 800 1476 est
831 1437 1039 1476 demittere
1069 1437 1108 1475 in
1138 1446 1239 1476 artes

134 1503 296 1542 Sidera:
335 1503 534 1542 subducto
564 1510 729 1553 regnant
758 1502 943 1541 sublimia
972 1504 1083 1541 caelo

135 1570 219 1616 Illa,
250 1582 382 1618 neque
412 1567 607 1606 artificum
637 1575 777 1606 curant
805 1575 971 1606 tractare
1000 1568 1188 1606 laborem.
1432 1587 1469 1617 35

189 1633 397 1684 Discrepat
426 1647 450 1671 a
478 1633 607 1684 prima
635 1632 755 1671 facies
786 1634 884 1671 haec
913 1634 1035 1672 altera
1064 1641 1211 1672 uatum.

135 1699 217 1738 Illis
248 1700 445 1750 Cyclopas
475 1706 699 1737 memorant
727 1698 956 1737 fornacibus
985 1712 1090 1746 usos,

133 1765 236 1805 Cum
268 1778 386 1815 super
415 1764 604 1803 incudem
635 1777 848 1803 numerosa
876 1763 916 1802 in
947 1764 1111 1803 uerbera
1140 1765 1264 1803 fortes

179 1869 218 1898 16
242 1867 423 1899 Concessit
438 1867 468 1899 S
618 1877 658 1906 19
683 1866 861 1907 I'·positam
879 1866 908 1898 S
1008 1872 1150 1898 matrem
1167 1879 1205 1898 r:
1231 1874 1378 1899 mentem
1399 1869 1474 1900 CSv

133 1921 175 1942 20
198 1911 437 1960 Adqersumue
463 1922 500 1942 νυ
647 1921 803 1950 sparsum
835 1912 878 1942 de
910 1912 1064 1942 saemine
1089 1922 1128 1943 r:
1167 1912 1300 1942 semina
1330 1913 1478 1954 Scalzger

133 1999 174 2028 23
201 1961 372 2028 Quiscgtuid
399 1989 430 2019 in
459 1988 506 2019 C:
539 1987 708 2027 Quicquid
741 1992 775 2018 et
805 1988 839 2017 in
871 1988 921 2019 S:
961 1988 1129 2028 Quicquid
1162 1989 1194 2018 in
1229 2000 1266 2019 νυ
1409 1990 1473 2020 iac-

132 2038 202 2063 tata
241 2032 335 2064 CSrv
401 2032 570 2071 Quicquid
610 2037 644 2062 et
690 2032 874 2070 antiquum,
916 2032 981 2062 iam
1022 2038 1118 2062 nacta
1157 2038 1207 2062 est
1250 2033 1363 2063 sabula
1401 2043 1471 2063 car-

133 2086 210 2106 men
249 2075 398 2115 Maehly:
443 2075 611 2115 Quicquid
645 2080 679 2105 et
715 2076 900 2114 antiquum,
934 2076 1056 2106 iactata
1095 2081 1147 2106 est
1180 2076 1300 2115 sabula,
1336 2087 1470 2107 carmen

132 2119 412 2159 Sudhauszforl.
447 2119 621 2159 Quidquid
653 2119 687 2150 id
855 2129 896 2159 25
926 2120 977 2150 uis
1003 2124 1128 2159 quanta
1154 2130 1231 2160 ego:
1264 2131 1351 2159 quae
1379 2125 1472 2151 tanta

134 2162 207 2194 CS:
248 2173 315 2204 que
347 2168 381 2194 et
413 2168 507 2194 tanta
539 2162 616 2205 dlv:
657 2163 732 2202 quis
766 2167 860 2193 tanta
885 2174 917 2194 r:
955 2163 1029 2202 quis
1062 2168 1157 2194 tanta
1185 2163 1348 2194 Armua:
1387 2175 1472 2203 quae

132 2216 232 2237 causa
258 2206 374 2238 Sloan.
509 2206 653 2245 perenni
687 2206 766 2237 CS:
805 2207 983 2246 perhemni
1000 2218 1019 2237 r
1043 2218 1050 2237 ε
1090 2207 1230 2246 perffidi
1254 2218 1274 2237 v
1430 2209 1472 2238 26

134 2251 241 2280 denso
267 2250 299 2281 C.
330 2250 376 2281 A.
407 2249 562 2280 Sclmn'd:
602 2250 744 2280 densum
781 2250 873 2281 CSrv
1021 2256 1055 2281 et
1087 2251 1185 2280 rudat
1216 2262 1236 2280 v
1430 2252 1470 2281 28

133 2293 292 2324 carminis
331 2294 414 2324 haec
453 2300 505 2325 est
542 2304 608 2325 om.
650 2293 680 2324 S
717 2294 823 2334 spatio
864 2294 966 2324 relicto
1185 2304 1229 2333 30
1268 2295 1406 2326 tumidis
1444 2294 1474 2325 S

132 2347 173 2376 33
191 2337 362 2368 dimittere
379 2336 477 2368 CSv:
502 2337 683 2368 demittere
701 2348 719 2366 r
733 2337 847 2369 Mum.
1006 2348 1046 2377 34
1072 2338 1214 2368 seducto
1231 2349 1268 2368 νυ
1429 2349 1469 2377 37

133 2380 202 2411 Illis
229 2379 269 2420 S,
297 2380 355 2411 sed
384 2384 422 2411 ut
447 2391 464 2411 s
491 2382 596 2411 serius
626 2381 719 2412 illata
746 2381 912 2414 uideatur:
946 2380 1016 2412 Illis
1051 2381 1098 2412 C:
1132 2381 1181 2411 Illi
1215 2381 1385 2422 Scaliger:
1419 2381 1469 2412 Illi

1405 2434 1416 2450 Γ

132 2457 184 2487 his
216 2456 407 2497 Markland,
441 2457 615 2499 Sum'ngar
782 2459 824 2497 38
857 2458 963 2489 fortes
996 2469 1040 2488 v:
1077 2458 1189 2489 sontes
1225 2458 1319 2490 csr:
1357 2459 1469 2499 fomes

129 2501 265 2532 Amnd.

792 2568 811 2607 5
