<?xml version="1.0" encoding="UTF-8"?>
<!DOCTYPE html PUBLIC "-//W3C//DTD XHTML 1.0 Transitional//EN"
    "http://www.w3.org/TR/xhtml1/DTD/xhtml1-transitional.dtd">
<html xmlns="http://www.w3.org/1999/xhtml" xml:lang="en" lang="en">
 <head>
  <title>
</title>
<meta http-equiv="Content-Type" content="text/html;charset=utf-8" />
  <meta name='ocr-system' content='tesseract 3.04.00' />
  <meta name='ocr-capabilities' content='ocr_page ocr_carea ocr_par ocr_line ocrx_word'/>
</head>
<body>
  <div class='ocr_page' id='page_1' title='image "aetnavirgil00virg_0119.png"; bbox 0 0 1783 2876; ppageno 0'>
   <div class='ocr_carea' id='block_1_1' title="bbox 746 211 940 249">
    <p class='ocr_par' dir='ltr' id='par_1_1' title="bbox 746 211 940 249">
     <span class='ocr_line' id='line_1_1' title="bbox 746 211 940 249; baseline 0.005 -1"><span class='ocrx_word' id='word_1_1' title='bbox 746 211 940 249; x_wconf 87' lang='lat' dir='ltr'><strong>AETNA</strong></span> 
     </span>
    </p>
   </div>
   <div class='ocr_carea' id='block_1_2' title="bbox 179 318 1514 1280">
    <p class='ocr_par' dir='ltr' id='par_1_2' title="bbox 182 318 1273 370">
     <span class='ocr_line' id='line_1_2' title="bbox 182 318 1273 370; baseline 0.001 -13"><span class='ocrx_word' id='word_1_2' title='bbox 182 318 355 358; x_wconf 85' lang='lat' dir='ltr'>Plurima</span> <span class='ocrx_word' id='word_1_3' title='bbox 385 332 472 370; x_wconf 87' lang='lat' dir='ltr'>pars</span> <span class='ocrx_word' id='word_1_4' title='bbox 501 332 670 358; x_wconf 82' lang='lat' dir='ltr'>scaenae</span> <span class='ocrx_word' id='word_1_5' title='bbox 700 332 827 357; x_wconf 90' lang='lat' dir='ltr'>rerum</span> <span class='ocrx_word' id='word_1_6' title='bbox 858 327 916 358; x_wconf 91' lang='lat' dir='ltr'>est</span> <span class='ocrx_word' id='word_1_7' title='bbox 945 319 1121 358; x_wconf 83' lang='lat' dir='ltr'>fallacia:</span> <span class='ocrx_word' id='word_1_8' title='bbox 1160 318 1273 359; x_wconf 78' lang='lat' dir='ltr'>uates</span> 
     </span>
    </p>

    <p class='ocr_par' dir='ltr' id='par_1_3' title="bbox 181 384 1144 434">
     <span class='ocr_line' id='line_1_3' title="bbox 181 384 1144 434; baseline 0 -12"><span class='ocrx_word' id='word_1_9' title='bbox 181 384 264 423; x_wconf 87' lang='lat' dir='ltr'>Sub</span> <span class='ocrx_word' id='word_1_10' title='bbox 293 384 402 423; x_wconf 87' lang='lat' dir='ltr'>terris</span> <span class='ocrx_word' id='word_1_11' title='bbox 431 384 562 434; x_wconf 84' lang='lat' dir='ltr'>nigros</span> <span class='ocrx_word' id='word_1_12' title='bbox 591 384 776 423; x_wconf 91' lang='lat' dir='ltr'>uiderunt</span> <span class='ocrx_word' id='word_1_13' title='bbox 805 384 979 423; x_wconf 84' lang='lat' dir='ltr'>carmine</span> <span class='ocrx_word' id='word_1_14' title='bbox 1009 398 1144 423; x_wconf 90' lang='lat' dir='ltr'>manes</span> 
     </span>
    </p>

    <p class='ocr_par' dir='ltr' id='par_1_4' title="bbox 180 448 1117 499">
     <span class='ocr_line' id='line_1_4' title="bbox 180 448 1117 499; baseline -0.001 -12"><span class='ocrx_word' id='word_1_15' title='bbox 180 451 314 499; x_wconf 82' lang='lat' dir='ltr'><strong>Atque</strong></span> <span class='ocrx_word' id='word_1_16' title='bbox 342 449 442 488; x_wconf 91' lang='lat' dir='ltr'>inter</span> <span class='ocrx_word' id='word_1_17' title='bbox 470 449 620 488; x_wconf 89' lang='lat' dir='ltr'>cineres</span> <span class='ocrx_word' id='word_1_18' title='bbox 652 449 755 487; x_wconf 84' lang='lat' dir='ltr'>Ditis</span> <span class='ocrx_word' id='word_1_19' title='bbox 784 448 970 499; x_wconf 87' lang='lat' dir='ltr'>pallentia</span> <span class='ocrx_word' id='word_1_20' title='bbox 998 462 1117 499; x_wconf 86' lang='lat' dir='ltr'>regna</span> 
     </span>
    </p>

    <p class='ocr_par' dir='ltr' id='par_1_5' title="bbox 182 512 1164 566">
     <span class='ocr_line' id='line_1_5' title="bbox 182 512 1164 566; baseline 0 -14"><span class='ocrx_word' id='word_1_21' title='bbox 182 512 361 566; x_wconf 88' lang='lat' dir='ltr'>[Mentiti</span> <span class='ocrx_word' id='word_1_22' title='bbox 390 522 500 552; x_wconf 89' lang='lat' dir='ltr'>uates</span> <span class='ocrx_word' id='word_1_23' title='bbox 529 513 680 565; x_wconf 87' lang='lat' dir='ltr'>Stygias</span> <span class='ocrx_word' id='word_1_24' title='bbox 710 515 918 564; x_wconf 84' lang='lat' dir='ltr'>undasque</span> <span class='ocrx_word' id='word_1_25' title='bbox 947 512 1164 566; x_wconf 67' lang='lat' dir='ltr'>canentes]</span> 
     </span>
    </p>

    <p class='ocr_par' dir='ltr' id='par_1_6' title="bbox 180 578 1514 692">
     <span class='ocr_line' id='line_1_6' title="bbox 183 578 1514 629; baseline -0.002 -12"><span class='ocrx_word' id='word_1_26' title='bbox 183 579 240 617; x_wconf 94' lang='lat' dir='ltr'>Hi</span> <span class='ocrx_word' id='word_1_27' title='bbox 269 579 416 629; x_wconf 89' lang='lat' dir='ltr'>Tityon</span> <span class='ocrx_word' id='word_1_28' title='bbox 445 583 602 629; x_wconf 84' lang='lat' dir='ltr'>†poena</span> <span class='ocrx_word' id='word_1_29' title='bbox 630 586 802 618; x_wconf 86' lang='lat' dir='ltr'>strauere</span> <span class='ocrx_word' id='word_1_30' title='bbox 830 578 871 617; x_wconf 89' lang='lat' dir='ltr'>in</span> <span class='ocrx_word' id='word_1_31' title='bbox 900 578 1033 629; x_wconf 88' lang='lat' dir='ltr'>iugera</span> <span class='ocrx_word' id='word_1_32' title='bbox 1062 580 1252 618; x_wconf 87' lang='lat' dir='ltr'>foedum:</span> <span class='ocrx_word' id='word_1_33' title='bbox 1473 588 1514 616; x_wconf 67' lang='lat'>30</span> 
     </span>
     <span class='ocr_line' id='line_1_7' title="bbox 180 644 1073 692; baseline 0.001 -10"><span class='ocrx_word' id='word_1_34' title='bbox 180 644 400 683; x_wconf 90' lang='lat' dir='ltr'>Sollicitant</span> <span class='ocrx_word' id='word_1_35' title='bbox 429 644 484 683; x_wconf 89' lang='lat' dir='ltr'>illi</span> <span class='ocrx_word' id='word_1_36' title='bbox 512 652 550 683; x_wconf 92' lang='lat' dir='ltr'>te</span> <span class='ocrx_word' id='word_1_37' title='bbox 579 644 739 692; x_wconf 89' lang='lat' dir='ltr'>circum,</span> <span class='ocrx_word' id='word_1_38' title='bbox 770 646 949 692; x_wconf 87' lang='lat' dir='ltr'>Tantale,</span> <span class='ocrx_word' id='word_1_39' title='bbox 979 657 1073 683; x_wconf 89' lang='lat' dir='ltr'>cena</span> 
     </span>
    </p>

    <p class='ocr_par' dir='ltr' id='par_1_7' title="bbox 180 708 1398 823">
     <span class='ocr_line' id='line_1_8' title="bbox 180 708 1398 759; baseline -0.001 -12"><span class='ocrx_word' id='word_1_40' title='bbox 180 708 480 759; x_wconf 89' lang='lat' dir='ltr'>Sollicitantque</span> <span class='ocrx_word' id='word_1_41' title='bbox 510 708 596 747; x_wconf 91' lang='lat' dir='ltr'>siti:</span> <span class='ocrx_word' id='word_1_42' title='bbox 637 708 782 756; x_wconf 92' lang='lat' dir='ltr'>Minos,</span> <span class='ocrx_word' id='word_1_43' title='bbox 815 716 972 759; x_wconf 87' lang='lat' dir='ltr'>tuaque,</span> <span class='ocrx_word' id='word_1_44' title='bbox 1005 710 1148 755; x_wconf 87' lang='lat' dir='ltr'>Aeaee,</span> <span class='ocrx_word' id='word_1_45' title='bbox 1180 708 1220 747; x_wconf 91' lang='lat' dir='ltr'>in</span> <span class='ocrx_word' id='word_1_46' title='bbox 1250 708 1398 747; x_wconf 87' lang='lat' dir='ltr'>umbris</span> 
     </span>
     <span class='ocr_line' id='line_1_9' title="bbox 182 773 1195 823; baseline -0.001 -11"><span class='ocrx_word' id='word_1_47' title='bbox 182 775 273 812; x_wconf 86' lang='lat' dir='ltr'>Iura</span> <span class='ocrx_word' id='word_1_48' title='bbox 301 781 460 821; x_wconf 88' lang='lat' dir='ltr'>canunt,</span> <span class='ocrx_word' id='word_1_49' title='bbox 491 773 679 823; x_wconf 82' lang='lat' dir='ltr'>idemque</span> <span class='ocrx_word' id='word_1_50' title='bbox 708 781 838 812; x_wconf 85' lang='lat' dir='ltr'>rotant</span> <span class='ocrx_word' id='word_1_51' title='bbox 868 773 1016 812; x_wconf 87' lang='lat' dir='ltr'>Ixionis</span> <span class='ocrx_word' id='word_1_52' title='bbox 1046 773 1195 813; x_wconf 91' lang='lat' dir='ltr'>orbem.</span> 
     </span>
    </p>

    <p class='ocr_par' dir='ltr' id='par_1_8' title="bbox 180 838 1278 888">
     <span class='ocr_line' id='line_1_10' title="bbox 180 838 1278 888; baseline 0.002 -12"><span class='ocrx_word' id='word_1_53' title='bbox 180 838 389 888; x_wconf 84' lang='lat' dir='ltr'>Quidquid</span> <span class='ocrx_word' id='word_1_54' title='bbox 419 847 458 877; x_wconf 88' lang='lat' dir='ltr'>et</span> <span class='ocrx_word' id='word_1_55' title='bbox 486 838 676 888; x_wconf 82' lang='lat' dir='ltr'>insernist,</span> <span class='ocrx_word' id='word_1_56' title='bbox 707 838 793 877; x_wconf 88' lang='lat' dir='ltr'>falsi</span> <span class='ocrx_word' id='word_1_57' title='bbox 822 839 1021 878; x_wconf 87' lang='lat' dir='ltr'>consortia</span> <span class='ocrx_word' id='word_1_58' title='bbox 1048 840 1278 878; x_wconf 74' lang='lat' dir='ltr'>adhaerent.</span> 
     </span>
    </p>

    <p class='ocr_par' dir='ltr' id='par_1_9' title="bbox 180 903 1512 1008">
     <span class='ocr_line' id='line_1_11' title="bbox 180 903 1512 954; baseline -0.002 -12"><span class='ocrx_word' id='word_1_59' title='bbox 180 905 267 942; x_wconf 93' lang='lat' dir='ltr'>Nec</span> <span class='ocrx_word' id='word_1_60' title='bbox 296 911 349 950; x_wconf 86' lang='lat' dir='ltr'>tu,</span> <span class='ocrx_word' id='word_1_61' title='bbox 381 912 491 951; x_wconf 87' lang='lat' dir='ltr'>terra,</span> <span class='ocrx_word' id='word_1_62' title='bbox 523 903 640 941; x_wconf 90' lang='lat' dir='ltr'>satis:</span> <span class='ocrx_word' id='word_1_63' title='bbox 678 904 932 954; x_wconf 82' lang='lat' dir='ltr'>speculantur</span> <span class='ocrx_word' id='word_1_64' title='bbox 959 904 1124 942; x_wconf 88' lang='lat' dir='ltr'>numina</span> <span class='ocrx_word' id='word_1_65' title='bbox 1152 904 1291 943; x_wconf 88' lang='lat' dir='ltr'>diuum</span> <span class='ocrx_word' id='word_1_66' title='bbox 1472 914 1512 950; x_wconf 54' lang='lat'>85</span> 
     </span>
     <span class='ocr_line' id='line_1_12' title="bbox 180 968 1192 1008; baseline 0.001 -1"><span class='ocrx_word' id='word_1_67' title='bbox 180 969 266 1007; x_wconf 92' lang='lat' dir='ltr'>Nec</span> <span class='ocrx_word' id='word_1_68' title='bbox 297 976 479 1007; x_wconf 88' lang='lat' dir='ltr'>metuunt</span> <span class='ocrx_word' id='word_1_69' title='bbox 508 970 645 1008; x_wconf 89' lang='lat' dir='ltr'>oculos</span> <span class='ocrx_word' id='word_1_70' title='bbox 674 968 805 1007; x_wconf 91' lang='lat' dir='ltr'>alieno</span> <span class='ocrx_word' id='word_1_71' title='bbox 833 968 1042 1008; x_wconf 83' lang='lat' dir='ltr'>admittere</span> <span class='ocrx_word' id='word_1_72' title='bbox 1071 971 1192 1008; x_wconf 80' lang='lat' dir='ltr'>caelo.</span> 
     </span>
    </p>

    <p class='ocr_par' dir='ltr' id='par_1_10' title="bbox 180 1033 1217 1081">
     <span class='ocr_line' id='line_1_13' title="bbox 180 1033 1217 1081; baseline 0.001 -10"><span class='ocrx_word' id='word_1_73' title='bbox 180 1035 338 1072; x_wconf 87' lang='lat' dir='ltr'>Norunt</span> <span class='ocrx_word' id='word_1_74' title='bbox 368 1033 471 1072; x_wconf 90' lang='lat' dir='ltr'>bella</span> <span class='ocrx_word' id='word_1_75' title='bbox 499 1035 631 1081; x_wconf 90' lang='lat' dir='ltr'>deum,</span> <span class='ocrx_word' id='word_1_76' title='bbox 663 1041 809 1072; x_wconf 88' lang='lat' dir='ltr'>norunt</span> <span class='ocrx_word' id='word_1_77' title='bbox 836 1033 1073 1073; x_wconf 86' lang='lat' dir='ltr'>abscondita</span> <span class='ocrx_word' id='word_1_78' title='bbox 1100 1034 1217 1073; x_wconf 87' lang='lat' dir='ltr'>nobis</span> 
     </span>
    </p>

    <p class='ocr_par' dir='ltr' id='par_1_11' title="bbox 180 1098 1269 1151">
     <span class='ocr_line' id='line_1_14' title="bbox 180 1098 1269 1151; baseline -0.003 -12"><span class='ocrx_word' id='word_1_79' title='bbox 180 1098 386 1148; x_wconf 84' lang='lat' dir='ltr'>Coniugia,</span> <span class='ocrx_word' id='word_1_80' title='bbox 418 1107 456 1138; x_wconf 89' lang='lat' dir='ltr'>et</span> <span class='ocrx_word' id='word_1_81' title='bbox 485 1100 582 1137; x_wconf 84' lang='lat' dir='ltr'>falsa</span> <span class='ocrx_word' id='word_1_82' title='bbox 610 1098 795 1149; x_wconf 87' lang='lat' dir='ltr'>quotiens</span> <span class='ocrx_word' id='word_1_83' title='bbox 824 1099 899 1138; x_wconf 89' lang='lat' dir='ltr'>sub</span> <span class='ocrx_word' id='word_1_84' title='bbox 928 1099 1098 1150; x_wconf 80' lang='lat' dir='ltr'>imagine</span> <span class='ocrx_word' id='word_1_85' title='bbox 1127 1105 1269 1151; x_wconf 83' lang='lat' dir='ltr'>peccet</span> 
     </span>
    </p>

    <p class='ocr_par' dir='ltr' id='par_1_12' title="bbox 179 1163 1230 1214">
     <span class='ocr_line' id='line_1_15' title="bbox 179 1163 1230 1214; baseline 0.003 -13"><span class='ocrx_word' id='word_1_86' title='bbox 179 1165 333 1202; x_wconf 80' lang='lat' dir='ltr'>Taurus</span> <span class='ocrx_word' id='word_1_87' title='bbox 362 1163 402 1201; x_wconf 90' lang='lat' dir='ltr'>in</span> <span class='ocrx_word' id='word_1_88' title='bbox 434 1165 632 1214; x_wconf 89' lang='lat' dir='ltr'>Europen,</span> <span class='ocrx_word' id='word_1_89' title='bbox 663 1163 704 1201; x_wconf 93' lang='lat' dir='ltr'>in</span> <span class='ocrx_word' id='word_1_90' title='bbox 733 1164 886 1202; x_wconf 84' lang='lat' dir='ltr'>Ledam</span> <span class='ocrx_word' id='word_1_91' title='bbox 916 1165 1110 1204; x_wconf 89' lang='lat' dir='ltr'>candidus</span> <span class='ocrx_word' id='word_1_92' title='bbox 1138 1167 1230 1212; x_wconf 88' lang='lat' dir='ltr'>ales,</span> 
     </span>
    </p>

    <p class='ocr_par' dir='ltr' id='par_1_13' title="bbox 182 1228 1513 1280">
     <span class='ocr_line' id='line_1_16' title="bbox 182 1228 1513 1280; baseline -0.001 -13"><span class='ocrx_word' id='word_1_93' title='bbox 182 1228 370 1280; x_wconf 90' lang='lat' dir='ltr'>Iuppiter,</span> <span class='ocrx_word' id='word_1_94' title='bbox 402 1237 445 1267; x_wconf 89' lang='lat' dir='ltr'>ut</span> <span class='ocrx_word' id='word_1_95' title='bbox 477 1231 639 1267; x_wconf 86' lang='lat' dir='ltr'>Danaae</span> <span class='ocrx_word' id='word_1_96' title='bbox 669 1228 863 1279; x_wconf 87' lang='lat' dir='ltr'>pretiosus</span> <span class='ocrx_word' id='word_1_97' title='bbox 893 1230 1047 1268; x_wconf 84' lang='lat' dir='ltr'>fluxerit</span> <span class='ocrx_word' id='word_1_98' title='bbox 1076 1230 1225 1268; x_wconf 86' lang='lat' dir='ltr'>imber:</span> <span class='ocrx_word' id='word_1_99' title='bbox 1473 1248 1513 1277; x_wconf 81' lang='lat'>90</span> 
     </span>
    </p>
   </div>
   <div class='ocr_carea' id='block_1_3' title="bbox 178 1316 1518 2316">
    <p class='ocr_par' dir='ltr' id='par_1_14' title="bbox 178 1316 1518 2316">
     <span class='ocr_line' id='line_1_17' title="bbox 227 1316 1516 1356; baseline 0.001 -10"><span class='ocrx_word' id='word_1_100' title='bbox 227 1318 268 1354; x_wconf 89' lang='lat'>76</span> <span class='ocrx_word' id='word_1_101' title='bbox 299 1326 362 1356; x_wconf 82' lang='lat' dir='ltr'>par</span> <span class='ocrx_word' id='word_1_102' title='bbox 390 1316 502 1347; x_wconf 82' lang='lat' dir='ltr'>Chenn</span> <span class='ocrx_word' id='word_1_103' title='bbox 606 1326 733 1346; x_wconf 86' lang='lat' dir='ltr'>scenae</span> <span class='ocrx_word' id='word_1_104' title='bbox 765 1316 841 1347; x_wconf 85' lang='lat' dir='ltr'>CS:</span> <span class='ocrx_word' id='word_1_105' title='bbox 872 1326 998 1348; x_wconf 87' lang='lat' dir='ltr'>scenea</span> <span class='ocrx_word' id='word_1_106' title='bbox 1030 1328 1048 1347; x_wconf 84' lang='lat' dir='ltr'>r</span> <span class='ocrx_word' id='word_1_107' title='bbox 1075 1321 1104 1348; x_wconf 84' lang='lat' dir='ltr'>el</span> <span class='ocrx_word' id='word_1_108' title='bbox 1133 1317 1295 1349; x_wconf 78' lang='lat' dir='ltr'>Aruna&#39;.:</span> <span class='ocrx_word' id='word_1_109' title='bbox 1332 1317 1468 1348; x_wconf 86' lang='lat' dir='ltr'>scenica</span> <span class='ocrx_word' id='word_1_110' title='bbox 1497 1328 1516 1346; x_wconf 76' lang='lat' dir='ltr'><em>v</em></span> 
     </span>
     <span class='ocr_line' id='line_1_18' title="bbox 183 1359 1512 1392; baseline 0 -2"><span class='ocrx_word' id='word_1_111' title='bbox 183 1371 295 1391; x_wconf 84' lang='lat' dir='ltr'>rerum</span> <span class='ocrx_word' id='word_1_112' title='bbox 327 1360 405 1390; x_wconf 81' lang='lat' dir='ltr'>CS:</span> <span class='ocrx_word' id='word_1_113' title='bbox 436 1369 555 1390; x_wconf 86' lang='lat' dir='ltr'>uerum</span> <span class='ocrx_word' id='word_1_114' title='bbox 581 1370 599 1389; x_wconf 86' lang='lat' dir='ltr'>r</span> <span class='ocrx_word' id='word_1_115' title='bbox 620 1359 755 1391; x_wconf 81' lang='lat' dir='ltr'>Arund.</span> <span class='ocrx_word' id='word_1_116' title='bbox 787 1360 914 1391; x_wconf 80' lang='lat' dir='ltr'>Munro</span> <span class='ocrx_word' id='word_1_117' title='bbox 990 1360 1067 1392; x_wconf 89' lang='lat' dir='ltr'>hinc</span> <span class='ocrx_word' id='word_1_118' title='bbox 1095 1362 1206 1392; x_wconf 81' lang='lat' dir='ltr'>haurit</span> <span class='ocrx_word' id='word_1_119' title='bbox 1233 1361 1346 1391; x_wconf 87' lang='lat' dir='ltr'>nobile</span> <span class='ocrx_word' id='word_1_120' title='bbox 1376 1371 1512 1392; x_wconf 89' lang='lat' dir='ltr'>carmen</span> 
     </span>
     <span class='ocr_line' id='line_1_19' title="bbox 182 1404 1515 1442; baseline 0 -8"><span class='ocrx_word' id='word_1_121' title='bbox 182 1404 332 1434; x_wconf 86' lang='lat' dir='ltr'>Plurima</span> <span class='ocrx_word' id='word_1_122' title='bbox 356 1414 434 1442; x_wconf 87' lang='lat' dir='ltr'>pars</span> <span class='ocrx_word' id='word_1_123' title='bbox 456 1413 623 1433; x_wconf 85' lang='lat' dir='ltr'>scaenae:</span> <span class='ocrx_word' id='word_1_124' title='bbox 655 1413 772 1433; x_wconf 81' lang='lat' dir='ltr'>uerum</span> <span class='ocrx_word' id='word_1_125' title='bbox 801 1408 854 1434; x_wconf 89' lang='lat' dir='ltr'>est</span> <span class='ocrx_word' id='word_1_126' title='bbox 881 1404 1036 1435; x_wconf 83' lang='lat' dir='ltr'>fallacia:</span> <span class='ocrx_word' id='word_1_127' title='bbox 1068 1411 1164 1436; x_wconf 91' lang='lat' dir='ltr'>uates</span> <span class='ocrx_word' id='word_1_128' title='bbox 1191 1405 1270 1435; x_wconf 81' lang='lat' dir='ltr'>olim</span> <span class='ocrx_word' id='word_1_129' title='bbox 1298 1406 1515 1436; x_wconf 69' lang='lat' dir='ltr'>coniecerant:</span> 
     </span>
     <span class='ocr_line' id='line_1_20' title="bbox 182 1447 1512 1487; baseline 0.001 -9"><span class='ocrx_word' id='word_1_130' title='bbox 182 1448 218 1480; x_wconf 89' lang='lat' dir='ltr'>P.</span> <span class='ocrx_word' id='word_1_131' title='bbox 246 1457 324 1487; x_wconf 85' lang='lat' dir='ltr'>pars</span> <span class='ocrx_word' id='word_1_132' title='bbox 344 1457 467 1478; x_wconf 86' lang='lat' dir='ltr'>scaena</span> <span class='ocrx_word' id='word_1_133' title='bbox 491 1452 524 1477; x_wconf 87' lang='lat' dir='ltr'>et</span> <span class='ocrx_word' id='word_1_134' title='bbox 552 1457 663 1477; x_wconf 90' lang='lat' dir='ltr'>rerum</span> <span class='ocrx_word' id='word_1_135' title='bbox 690 1447 845 1487; x_wconf 78' lang='lat' dir='ltr'>Postgate</span> <span class='ocrx_word' id='word_1_136' title='bbox 944 1458 983 1487; x_wconf 93' lang='lat'>77</span> <span class='ocrx_word' id='word_1_137' title='bbox 1008 1448 1179 1480; x_wconf 85' lang='lat' dir='ltr'>subterius</span> <span class='ocrx_word' id='word_1_138' title='bbox 1203 1459 1222 1478; x_wconf 85' lang='lat' dir='ltr'>r</span> <span class='ocrx_word' id='word_1_139' title='bbox 1240 1448 1376 1479; x_wconf 80' lang='lat' dir='ltr'>Arund.</span> <span class='ocrx_word' id='word_1_140' title='bbox 1398 1460 1405 1479; x_wconf 78' lang='grc' dir='ltr'>ε</span> <span class='ocrx_word' id='word_1_141' title='bbox 1436 1449 1512 1479; x_wconf 90' lang='lat' dir='ltr'>sub-</span> 
     </span>
     <span class='ocr_line' id='line_1_21' title="bbox 181 1490 1514 1523; baseline 0 -1"><span class='ocrx_word' id='word_1_142' title='bbox 181 1491 288 1522; x_wconf 85' lang='lat' dir='ltr'>ternis</span> <span class='ocrx_word' id='word_1_143' title='bbox 304 1501 324 1521; x_wconf 88' lang='lat' dir='ltr'><em>v</em></span> <span class='ocrx_word' id='word_1_144' title='bbox 412 1490 572 1520; x_wconf 88' lang='lat' dir='ltr'>uiderunt</span> <span class='ocrx_word' id='word_1_145' title='bbox 599 1490 688 1521; x_wconf 85' lang='lat' dir='ltr'>codd.</span> <span class='ocrx_word' id='word_1_146' title='bbox 708 1501 715 1520; x_wconf 89' lang='lat'>:</span> <span class='ocrx_word' id='word_1_147' title='bbox 747 1491 923 1522; x_wconf 87' lang='lat' dir='ltr'>finxerunt</span> <span class='ocrx_word' id='word_1_148' title='bbox 944 1492 1139 1522; x_wconf 82' lang='lat' dir='ltr'>Bormans:</span> <span class='ocrx_word' id='word_1_149' title='bbox 1171 1492 1326 1523; x_wconf 87' lang='lat' dir='ltr'>luserunt</span> <span class='ocrx_word' id='word_1_150' title='bbox 1346 1492 1514 1522; x_wconf 79' lang='lat' dir='ltr'>Baehrens</span> 
     </span>
     <span class='ocr_line' id='line_1_22' title="bbox 182 1533 1515 1575; baseline 0.002 -11"><span class='ocrx_word' id='word_1_151' title='bbox 182 1545 223 1573; x_wconf 91' lang='lat'>79</span> <span class='ocrx_word' id='word_1_152' title='bbox 245 1534 381 1574; x_wconf 78' lang='lat' dir='ltr'>spurius</span> <span class='ocrx_word' id='word_1_153' title='bbox 405 1533 538 1564; x_wconf 83' lang='lat' dir='ltr'>uidetur</span> <span class='ocrx_word' id='word_1_154' title='bbox 645 1543 817 1573; x_wconf 87' lang='lat' dir='ltr'>canesque</span> <span class='ocrx_word' id='word_1_155' title='bbox 842 1534 996 1575; x_wconf 77' lang='lat' dir='ltr'>Scaliger,</span> <span class='ocrx_word' id='word_1_156' title='bbox 1022 1536 1112 1575; x_wconf 78' lang='lat' dir='ltr'>quod</span> <span class='ocrx_word' id='word_1_157' title='bbox 1131 1535 1323 1575; x_wconf 75' lang='lat' dir='ltr'>Peerlkamp</span> <span class='ocrx_word' id='word_1_158' title='bbox 1347 1539 1457 1565; x_wconf 77' lang='lat' dir='ltr'>tuetur</span> <span class='ocrx_word' id='word_1_159' title='bbox 1477 1547 1515 1566; x_wconf 67' lang='lat' dir='ltr'>ex</span> 
     </span>
     <span class='ocr_line' id='line_1_23' title="bbox 181 1576 1513 1619; baseline 0 -11"><span class='ocrx_word' id='word_1_160' title='bbox 181 1577 260 1609; x_wconf 79' lang='lat' dir='ltr'>Luc.</span> <span class='ocrx_word' id='word_1_161' title='bbox 278 1578 321 1609; x_wconf 88' lang='lat' dir='ltr'>vi.</span> <span class='ocrx_word' id='word_1_162' title='bbox 344 1587 416 1616; x_wconf 82' lang='lat'>733,</span> <span class='ocrx_word' id='word_1_163' title='bbox 440 1577 497 1607; x_wconf 79' lang='lat' dir='ltr'>ubi</span> <span class='ocrx_word' id='word_1_164' title='bbox 515 1576 588 1607; x_wconf 82' lang='lat' dir='ltr'>uide</span> <span class='ocrx_word' id='word_1_165' title='bbox 609 1576 713 1608; x_wconf 84' lang='lat' dir='ltr'>Schol.</span> <span class='ocrx_word' id='word_1_166' title='bbox 735 1577 832 1609; x_wconf 77' lang='lat' dir='ltr'>Rern.</span> <span class='ocrx_word' id='word_1_167' title='bbox 852 1582 881 1608; x_wconf 83' lang='lat' dir='ltr'>et</span> <span class='ocrx_word' id='word_1_168' title='bbox 903 1578 998 1610; x_wconf 79' lang='lat' dir='ltr'>Seru.</span> <span class='ocrx_word' id='word_1_169' title='bbox 1020 1578 1067 1609; x_wconf 84' lang='lat' dir='ltr'>ad</span> <span class='ocrx_word' id='word_1_170' title='bbox 1078 1579 1164 1610; x_wconf 82' lang='lat' dir='ltr'>Aen.</span> <span class='ocrx_word' id='word_1_171' title='bbox 1185 1580 1229 1610; x_wconf 89' lang='lat' dir='ltr'>iii.</span> <span class='ocrx_word' id='word_1_172' title='bbox 1250 1590 1314 1619; x_wconf 88' lang='lat'>209</span> <span class='ocrx_word' id='word_1_173' title='bbox 1337 1579 1513 1609; x_wconf 80' lang='lat' dir='ltr'>laudatum</span> 
     </span>
     <span class='ocr_line' id='line_1_24' title="bbox 180 1620 1517 1662; baseline 0.001 -11"><span class='ocrx_word' id='word_1_174' title='bbox 180 1622 221 1651; x_wconf 87' lang='lat' dir='ltr'>ab</span> <span class='ocrx_word' id='word_1_175' title='bbox 250 1621 389 1652; x_wconf 82' lang='lat' dir='ltr'>Usenero</span> <span class='ocrx_word' id='word_1_176' title='bbox 497 1620 699 1660; x_wconf 87' lang='lat' dir='ltr'>Mentitique</span> <span class='ocrx_word' id='word_1_177' title='bbox 724 1627 815 1653; x_wconf 89' lang='lat' dir='ltr'>rates</span> <span class='ocrx_word' id='word_1_178' title='bbox 839 1622 977 1661; x_wconf 83' lang='lat' dir='ltr'>Stygias</span> <span class='ocrx_word' id='word_1_179' title='bbox 1002 1623 1178 1662; x_wconf 88' lang='lat' dir='ltr'>undasque</span> <span class='ocrx_word' id='word_1_180' title='bbox 1201 1622 1352 1653; x_wconf 85' lang='lat' dir='ltr'>calentes</span> <span class='ocrx_word' id='word_1_181' title='bbox 1377 1622 1517 1653; x_wconf 80' lang='lat' dir='ltr'>Schenkl</span> 
     </span>
     <span class='ocr_line' id='line_1_25' title="bbox 180 1664 1518 1706; baseline 0 -11"><span class='ocrx_word' id='word_1_182' title='bbox 180 1664 275 1696; x_wconf 83' lang='lat' dir='ltr'>Num</span> <span class='ocrx_word' id='word_1_183' title='bbox 301 1665 345 1696; x_wconf 90' lang='lat' dir='ltr'>M.</span> <span class='ocrx_word' id='word_1_184' title='bbox 369 1664 478 1695; x_wconf 89' lang='lat' dir='ltr'>ualles</span> <span class='ocrx_word' id='word_1_185' title='bbox 500 1665 533 1696; x_wconf 85' lang='lat' dir='ltr'>S.</span> <span class='ocrx_word' id='word_1_186' title='bbox 559 1675 591 1695; x_wconf 88' lang='lat' dir='ltr'>u.</span> <span class='ocrx_word' id='word_1_187' title='bbox 610 1664 788 1697; x_wconf 84' lang='lat' dir='ltr'>calentes?</span> <span class='ocrx_word' id='word_1_188' title='bbox 910 1666 952 1697; x_wconf 88' lang='lat'>80</span> <span class='ocrx_word' id='word_1_189' title='bbox 976 1666 1036 1696; x_wconf 80' lang='lat' dir='ltr'>Hii</span> <span class='ocrx_word' id='word_1_190' title='bbox 1060 1666 1107 1697; x_wconf 90' lang='lat' dir='ltr'>C:</span> <span class='ocrx_word' id='word_1_191' title='bbox 1135 1666 1169 1696; x_wconf 93' lang='lat' dir='ltr'>H</span> <span class='ocrx_word' id='word_1_192' title='bbox 1195 1666 1223 1697; x_wconf 80' lang='lat' dir='ltr'>S</span> <span class='ocrx_word' id='word_1_193' title='bbox 1246 1667 1279 1697; x_wconf 79' lang='lat' dir='ltr'>in</span> <span class='ocrx_word' id='word_1_194' title='bbox 1305 1678 1369 1706; x_wconf 84' lang='lat' dir='ltr'>quo</span> <span class='ocrx_word' id='word_1_195' title='bbox 1390 1670 1518 1706; x_wconf 75' lang='lat' dir='ltr'>practer</span> 
     </span>
     <span class='ocr_line' id='line_1_26' title="bbox 180 1709 1510 1749; baseline 0.002 -10"><span class='ocrx_word' id='word_1_196' title='bbox 180 1709 266 1739; x_wconf 85' lang='lat' dir='ltr'>hanc</span> <span class='ocrx_word' id='word_1_197' title='bbox 278 1719 384 1739; x_wconf 86' lang='lat' dir='ltr'>unam</span> <span class='ocrx_word' id='word_1_198' title='bbox 401 1709 541 1738; x_wconf 82' lang='lat' dir='ltr'>litteram</span> <span class='ocrx_word' id='word_1_199' title='bbox 559 1712 657 1739; x_wconf 86' lang='lat' dir='ltr'>cetera</span> <span class='ocrx_word' id='word_1_200' title='bbox 673 1709 796 1739; x_wconf 76' lang='lat' dir='ltr'>omissa</span> <span class='ocrx_word' id='word_1_201' title='bbox 811 1712 892 1739; x_wconf 84' lang='lat' dir='ltr'>sunt</span> <span class='ocrx_word' id='word_1_202' title='bbox 960 1720 1072 1749; x_wconf 88' lang='lat' dir='ltr'>poena</span> <span class='ocrx_word' id='word_1_203' title='bbox 1087 1710 1154 1740; x_wconf 87' lang='lat' dir='ltr'>Cr:</span> <span class='ocrx_word' id='word_1_204' title='bbox 1175 1715 1307 1749; x_wconf 90' lang='lat' dir='ltr'>septem</span> <span class='ocrx_word' id='word_1_205' title='bbox 1324 1721 1344 1740; x_wconf 86' lang='lat' dir='ltr'><em>v</em></span> <span class='ocrx_word' id='word_1_206' title='bbox 1359 1714 1387 1740; x_wconf 86' lang='lat' dir='ltr'>et</span> <span class='ocrx_word' id='word_1_207' title='bbox 1396 1709 1510 1743; x_wconf 75' lang='lat' dir='ltr'>Sloau.</span> 
     </span>
     <span class='ocr_line' id='line_1_27' title="bbox 180 1751 1513 1794; baseline -0.001 -11"><span class='ocrx_word' id='word_1_208' title='bbox 180 1753 226 1784; x_wconf 85' lang='lat' dir='ltr'>sic</span> <span class='ocrx_word' id='word_1_209' title='bbox 259 1753 397 1783; x_wconf 84' lang='lat' dir='ltr'>Tiresias</span> <span class='ocrx_word' id='word_1_210' title='bbox 419 1751 513 1791; x_wconf 83' lang='lat' dir='ltr'>apud</span> <span class='ocrx_word' id='word_1_211' title='bbox 540 1752 674 1782; x_wconf 71' lang='lat' dir='ltr'>Tzetzen</span> <span class='ocrx_word' id='word_1_212' title='bbox 701 1752 748 1783; x_wconf 86' lang='lat' dir='ltr'>ad</span> <span class='ocrx_word' id='word_1_213' title='bbox 767 1753 924 1793; x_wconf 86' lang='lat' dir='ltr'>Lycophr.</span> <span class='ocrx_word' id='word_1_214' title='bbox 952 1753 1049 1784; x_wconf 82' lang='lat' dir='ltr'>Alex.</span> <span class='ocrx_word' id='word_1_215' title='bbox 1082 1755 1146 1784; x_wconf 87' lang='lat'>682</span> <span class='ocrx_word' id='word_1_216' title='bbox 1175 1764 1294 1784; x_wconf 83' lang='lat' dir='ltr'>nouem</span> <span class='ocrx_word' id='word_1_217' title='bbox 1322 1754 1374 1784; x_wconf 88' lang='lat' dir='ltr'>uel</span> <span class='ocrx_word' id='word_1_218' title='bbox 1394 1757 1513 1794; x_wconf 82' lang='lat' dir='ltr'>septem</span> 
     </span>
     <span class='ocr_line' id='line_1_28' title="bbox 180 1795 1513 1837; baseline 0.002 -11"><span class='ocrx_word' id='word_1_219' title='bbox 180 1800 299 1827; x_wconf 83' lang='lat' dir='ltr'>aetates</span> <span class='ocrx_word' id='word_1_220' title='bbox 328 1795 446 1826; x_wconf 81' lang='lat' dir='ltr'>dicitur</span> <span class='ocrx_word' id='word_1_221' title='bbox 475 1796 594 1826; x_wconf 75' lang='lat' dir='ltr'>uixisse</span> <span class='ocrx_word' id='word_1_222' title='bbox 685 1801 840 1827; x_wconf 87' lang='lat' dir='ltr'>strauere</span> <span class='ocrx_word' id='word_1_223' title='bbox 874 1807 1011 1827; x_wconf 89' lang='lat' dir='ltr'>nouena</span> <span class='ocrx_word' id='word_1_224' title='bbox 1042 1797 1162 1837; x_wconf 77' lang='lat' dir='ltr'>Haupt</span> <span class='ocrx_word' id='word_1_225' title='bbox 1266 1808 1378 1837; x_wconf 83' lang='lat' dir='ltr'>poena</span> <span class='ocrx_word' id='word_1_226' title='bbox 1408 1798 1513 1828; x_wconf 86' lang='lat' dir='ltr'>setum</span> 
     </span>
     <span class='ocr_line' id='line_1_29' title="bbox 185 1839 1513 1880; baseline 0.001 -10"><span class='ocrx_word' id='word_1_227' title='bbox 185 1840 304 1880; x_wconf 76' lang='lat' dir='ltr'>Unger,</span> <span class='ocrx_word' id='word_1_228' title='bbox 329 1839 476 1878; x_wconf 82' lang='lat' dir='ltr'>fortasse</span> <span class='ocrx_word' id='word_1_229' title='bbox 506 1843 591 1878; x_wconf 67' lang='lat' dir='ltr'>recte,</span> <span class='ocrx_word' id='word_1_230' title='bbox 620 1839 656 1878; x_wconf 76' lang='lat' dir='ltr'>cf</span> <span class='ocrx_word' id='word_1_231' title='bbox 685 1840 770 1871; x_wconf 82' lang='lat' dir='ltr'>Aen.</span> <span class='ocrx_word' id='word_1_232' title='bbox 799 1841 842 1870; x_wconf 95' lang='lat' dir='ltr'>vi.</span> <span class='ocrx_word' id='word_1_233' title='bbox 873 1841 946 1879; x_wconf 83' lang='lat'>598,</span> <span class='ocrx_word' id='word_1_234' title='bbox 978 1840 1097 1872; x_wconf 88' lang='lat' dir='ltr'>Manil.</span> <span class='ocrx_word' id='word_1_235' title='bbox 1127 1841 1178 1872; x_wconf 85' lang='lat' dir='ltr'>iv.·</span> <span class='ocrx_word' id='word_1_236' title='bbox 1197 1842 1261 1880; x_wconf 89' lang='lat'>667</span> <span class='ocrx_word' id='word_1_237' title='bbox 1395 1842 1434 1871; x_wconf 91' lang='lat'>81</span> <span class='ocrx_word' id='word_1_238' title='bbox 1469 1841 1513 1871; x_wconf 89' lang='lat' dir='ltr'>illi</span> 
     </span>
     <span class='ocr_line' id='line_1_30' title="bbox 179 1882 1514 1924; baseline 0 -10"><span class='ocrx_word' id='word_1_239' title='bbox 179 1883 268 1915; x_wconf 86' lang='lat' dir='ltr'>codd.</span> <span class='ocrx_word' id='word_1_240' title='bbox 339 1883 466 1913; x_wconf 89' lang='lat' dir='ltr'>circum</span> <span class='ocrx_word' id='word_1_241' title='bbox 481 1882 555 1914; x_wconf 84' lang='lat' dir='ltr'>CSr</span> <span class='ocrx_word' id='word_1_242' title='bbox 569 1882 714 1914; x_wconf 84' lang='lat' dir='ltr'>Munro:</span> <span class='ocrx_word' id='word_1_243' title='bbox 734 1884 861 1914; x_wconf 87' lang='lat' dir='ltr'>siccum</span> <span class='ocrx_word' id='word_1_244' title='bbox 878 1884 966 1916; x_wconf 82' lang='lat' dir='ltr'>Scal.</span> <span class='ocrx_word' id='word_1_245' title='bbox 1037 1895 1122 1916; x_wconf 85' lang='lat' dir='ltr'>cena</span> <span class='ocrx_word' id='word_1_246' title='bbox 1135 1885 1318 1915; x_wconf 77' lang='lat' dir='ltr'>Baehrens:</span> <span class='ocrx_word' id='word_1_247' title='bbox 1342 1895 1453 1924; x_wconf 89' lang='lat' dir='ltr'>poena</span> <span class='ocrx_word' id='word_1_248' title='bbox 1468 1885 1495 1916; x_wconf 94' lang='lat' dir='ltr'><em>C</em></span> <span class='ocrx_word' id='word_1_249' title='bbox 1509 1897 1514 1914; x_wconf 74' lang='grc' dir='ltr'><em>ι</em></span> 
     </span>
     <span class='ocr_line' id='line_1_31' title="bbox 180 1926 1513 1969; baseline 0 -11"><span class='ocrx_word' id='word_1_250' title='bbox 180 1937 270 1967; x_wconf 88' lang='lat' dir='ltr'>poen</span> <span class='ocrx_word' id='word_1_251' title='bbox 303 1926 355 1957; x_wconf 84' lang='lat' dir='ltr'>S:</span> <span class='ocrx_word' id='word_1_252' title='bbox 394 1927 500 1966; x_wconf 90' lang='lat' dir='ltr'>pomis</span> <span class='ocrx_word' id='word_1_253' title='bbox 530 1926 569 1956; x_wconf 86' lang='lat' dir='ltr'>de</span> <span class='ocrx_word' id='word_1_254' title='bbox 595 1927 711 1966; x_wconf 84' lang='lat' dir='ltr'>Rooy:</span> <span class='ocrx_word' id='word_1_255' title='bbox 745 1937 848 1966; x_wconf 88' lang='lat' dir='ltr'>pomo</span> <span class='ocrx_word' id='word_1_256' title='bbox 875 1927 1005 1968; x_wconf 76' lang='lat' dir='ltr'>Haupt,</span> <span class='ocrx_word' id='word_1_257' title='bbox 1040 1928 1131 1968; x_wconf 83' lang='lat' dir='ltr'>quod</span> <span class='ocrx_word' id='word_1_258' title='bbox 1163 1933 1200 1958; x_wconf 86' lang='lat' dir='ltr'>ut</span> <span class='ocrx_word' id='word_1_259' title='bbox 1231 1929 1513 1969; x_wconf 78' lang='lat' dir='ltr'>simplicissimum</span> 
     </span>
     <span class='ocr_line' id='line_1_32' title="bbox 180 1970 1514 2011; baseline 0 -9"><span class='ocrx_word' id='word_1_260' title='bbox 180 1971 402 2002; x_wconf 83' lang='lat' dir='ltr'>Laclzmanno</span> <span class='ocrx_word' id='word_1_261' title='bbox 418 1981 544 2010; x_wconf 81' lang='lat' dir='ltr'>quoque</span> <span class='ocrx_word' id='word_1_262' title='bbox 555 1970 702 2011; x_wconf 82' lang='lat' dir='ltr'>placuit:</span> <span class='ocrx_word' id='word_1_263' title='bbox 724 1971 833 2011; x_wconf 85' lang='lat' dir='ltr'>sedcf.</span> <span class='ocrx_word' id='word_1_264' title='bbox 854 1970 992 2003; x_wconf 84' lang='lat' dir='ltr'>Lucian.</span> <span class='ocrx_word' id='word_1_265' title='bbox 1015 1972 1097 2003; x_wconf 80' lang='lat' dir='ltr'><em>Tun.</em></span> <span class='ocrx_word' id='word_1_266' title='bbox 1118 1972 1157 2002; x_wconf 92' lang='lat'>18</span> <span class='ocrx_word' id='word_1_267' title='bbox 1181 1971 1289 2011; x_wconf 81' lang='grc' dir='ltr'>ὥσπερ</span> <span class='ocrx_word' id='word_1_268' title='bbox 1312 1972 1328 2002; x_wconf 83' lang='grc' dir='ltr'>ὁ</span> <span class='ocrx_word' id='word_1_269' title='bbox 1353 1971 1514 2002; x_wconf 77' lang='grc' dir='ltr'>Τάνταλος</span> 
     </span>
     <span class='ocr_line' id='line_1_33' title="bbox 179 2013 1517 2055; baseline 0.001 -11"><span class='ocrx_word' id='word_1_270' title='bbox 179 2013 290 2045; x_wconf 79' lang='grc' dir='ltr'>ἄποτοι</span> <span class='ocrx_word' id='word_1_271' title='bbox 308 2013 359 2044; x_wconf 83' lang='grc' dir='ltr'>καῖ</span> <span class='ocrx_word' id='word_1_272' title='bbox 375 2015 526 2053; x_wconf 71' lang='grc' dir='ltr'>ἄγευστοι</span> <span class='ocrx_word' id='word_1_273' title='bbox 642 2015 683 2044; x_wconf 86' lang='lat'>82</span> <span class='ocrx_word' id='word_1_274' title='bbox 707 2024 831 2055; x_wconf 70' lang='lat' dir='ltr'>aeacce</span> <span class='ocrx_word' id='word_1_275' title='bbox 849 2014 895 2045; x_wconf 88' lang='lat' dir='ltr'>C:</span> <span class='ocrx_word' id='word_1_276' title='bbox 917 2019 994 2055; x_wconf 83' lang='lat' dir='ltr'>post</span> <span class='ocrx_word' id='word_1_277' title='bbox 1010 2021 1134 2055; x_wconf 82' lang='lat' dir='ltr'>tuaque</span> <span class='ocrx_word' id='word_1_278' title='bbox 1151 2015 1180 2046; x_wconf 80' lang='lat' dir='ltr'><strong><em>S</em></strong></span> <span class='ocrx_word' id='word_1_279' title='bbox 1195 2016 1288 2046; x_wconf 82' lang='lat' dir='ltr'>habet</span> <span class='ocrx_word' id='word_1_280' title='bbox 1304 2026 1322 2045; x_wconf 87' lang='lat' dir='ltr'>e</span> <span class='ocrx_word' id='word_1_281' title='bbox 1339 2026 1442 2046; x_wconf 87' lang='lat' dir='ltr'>aeace</span> <span class='ocrx_word' id='word_1_282' title='bbox 1459 2016 1517 2047; x_wconf 82' lang='lat' dir='ltr'>sed</span> 
     </span>
     <span class='ocr_line' id='line_1_34' title="bbox 182 2058 1513 2099; baseline 0.001 -10"><span class='ocrx_word' id='word_1_283' title='bbox 182 2062 219 2089; x_wconf 85' lang='lat' dir='ltr'>ut</span> <span class='ocrx_word' id='word_1_284' title='bbox 227 2062 305 2098; x_wconf 85' lang='lat' dir='ltr'>post</span> <span class='ocrx_word' id='word_1_285' title='bbox 320 2068 338 2088; x_wconf 92' lang='lat' dir='ltr'>e</span> <span class='ocrx_word' id='word_1_286' title='bbox 355 2068 448 2088; x_wconf 88' lang='lat' dir='ltr'>erasa</span> <span class='ocrx_word' id='word_1_287' title='bbox 465 2058 567 2088; x_wconf 83' lang='lat' dir='ltr'>altera</span> <span class='ocrx_word' id='word_1_288' title='bbox 583 2067 602 2088; x_wconf 87' lang='lat' dir='ltr'>a</span> <span class='ocrx_word' id='word_1_289' title='bbox 620 2058 694 2088; x_wconf 85' lang='lat' dir='ltr'>uisa</span> <span class='ocrx_word' id='word_1_290' title='bbox 710 2059 760 2097; x_wconf 78' lang='lat' dir='ltr'>sit,</span> <span class='ocrx_word' id='word_1_291' title='bbox 779 2063 903 2097; x_wconf 88' lang='lat' dir='ltr'>tuaque</span> <span class='ocrx_word' id='word_1_292' title='bbox 920 2069 959 2089; x_wconf 87' lang='lat' dir='ltr'>ea</span> <span class='ocrx_word' id='word_1_293' title='bbox 975 2069 1078 2090; x_wconf 86' lang='lat' dir='ltr'>aeaee</span> <span class='ocrx_word' id='word_1_294' title='bbox 1224 2061 1265 2097; x_wconf 87' lang='lat'>84</span> <span class='ocrx_word' id='word_1_295' title='bbox 1291 2059 1463 2099; x_wconf 85' lang='lat' dir='ltr'>Quicquid</span> <span class='ocrx_word' id='word_1_296' title='bbox 1480 2065 1513 2090; x_wconf 89' lang='lat' dir='ltr'>et</span> 
     </span>
     <span class='ocr_line' id='line_1_35' title="bbox 180 2101 1513 2142; baseline 0.001 -10"><span class='ocrx_word' id='word_1_297' title='bbox 180 2102 324 2133; x_wconf 90' lang='lat' dir='ltr'>interius</span> <span class='ocrx_word' id='word_1_298' title='bbox 337 2101 412 2132; x_wconf 85' lang='lat' dir='ltr'>falsi</span> <span class='ocrx_word' id='word_1_299' title='bbox 425 2101 487 2131; x_wconf 88' lang='lat' dir='ltr'>sibi</span> <span class='ocrx_word' id='word_1_300' title='bbox 502 2101 639 2132; x_wconf 85' lang='lat' dir='ltr'>conscia</span> <span class='ocrx_word' id='word_1_301' title='bbox 653 2101 660 2119; x_wconf 81' lang='lat'>¹</span> <span class='ocrx_word' id='word_1_302' title='bbox 676 2107 806 2132; x_wconf 85' lang='lat' dir='ltr'>terrent</span> <span class='ocrx_word' id='word_1_303' title='bbox 821 2102 876 2133; x_wconf 81' lang='lat' dir='ltr'>CS</span> <span class='ocrx_word' id='word_1_304' title='bbox 893 2106 921 2132; x_wconf 85' lang='lat' dir='ltr'>et</span> <span class='ocrx_word' id='word_1_305' title='bbox 935 2103 980 2133; x_wconf 82' lang='lat' dir='ltr'>sic</span> <span class='ocrx_word' id='word_1_306' title='bbox 996 2113 1014 2132; x_wconf 86' lang='lat' dir='ltr'>r</span> <span class='ocrx_word' id='word_1_307' title='bbox 1026 2102 1197 2134; x_wconf 76' lang='lat' dir='ltr'>etAruud.</span> <span class='ocrx_word' id='word_1_308' title='bbox 1216 2103 1283 2133; x_wconf 84' lang='lat' dir='ltr'>nisi</span> <span class='ocrx_word' id='word_1_309' title='bbox 1296 2103 1386 2142; x_wconf 80' lang='lat' dir='ltr'>quod</span> <span class='ocrx_word' id='word_1_310' title='bbox 1399 2103 1513 2133; x_wconf 78' lang='lat' dir='ltr'>hiduo</span> 
     </span>
     <span class='ocr_line' id='line_1_36' title="bbox 178 2145 1514 2186; baseline 0.001 -10"><span class='ocrx_word' id='word_1_311' title='bbox 178 2151 238 2186; x_wconf 86' lang='lat' dir='ltr'>pro</span> <span class='ocrx_word' id='word_1_312' title='bbox 254 2146 309 2175; x_wconf 84' lang='lat' dir='ltr'>illo</span> <span class='ocrx_word' id='word_1_313' title='bbox 324 2145 386 2176; x_wconf 86' lang='lat' dir='ltr'>sibi</span> <span class='ocrx_word' id='word_1_314' title='bbox 403 2145 539 2176; x_wconf 89' lang='lat' dir='ltr'>conscia</span> <span class='ocrx_word' id='word_1_315' title='bbox 555 2145 673 2175; x_wconf 78' lang='lat' dir='ltr'>habent</span> <span class='ocrx_word' id='word_1_316' title='bbox 687 2146 857 2176; x_wconf 86' lang='lat' dir='ltr'>consortia</span> <span class='ocrx_word' id='word_1_317' title='bbox 875 2157 882 2176; x_wconf 91' lang='lat'>:</span> <span class='ocrx_word' id='word_1_318' title='bbox 903 2146 944 2185; x_wconf 83' lang='lat' dir='ltr'>Q.</span> <span class='ocrx_word' id='word_1_319' title='bbox 958 2156 989 2178; x_wconf 85' lang='lat' dir='ltr'>e.</span> <span class='ocrx_word' id='word_1_320' title='bbox 1002 2147 1144 2178; x_wconf 89' lang='lat' dir='ltr'>interius</span> <span class='ocrx_word' id='word_1_321' title='bbox 1158 2146 1279 2177; x_wconf 87' lang='lat' dir='ltr'>salsum</span> <span class='ocrx_word' id='word_1_322' title='bbox 1297 2147 1359 2177; x_wconf 86' lang='lat' dir='ltr'>sibi</span> <span class='ocrx_word' id='word_1_323' title='bbox 1377 2148 1514 2178; x_wconf 82' lang='lat' dir='ltr'>conscia</span> 
     </span>
     <span class='ocr_line' id='line_1_37' title="bbox 181 2188 1510 2230; baseline 0.001 -10"><span class='ocrx_word' id='word_1_324' title='bbox 181 2195 272 2220; x_wconf 86' lang='lat' dir='ltr'>terra</span> <span class='ocrx_word' id='word_1_325' title='bbox 288 2193 340 2220; x_wconf 89' lang='lat' dir='ltr'>est</span> <span class='ocrx_word' id='word_1_326' title='bbox 356 2189 527 2219; x_wconf 85' lang='lat' dir='ltr'>Bormans</span> <span class='ocrx_word' id='word_1_327' title='bbox 542 2199 549 2219; x_wconf 75' lang='grc' dir='ltr'><strong><em>ε</em></strong></span> <span class='ocrx_word' id='word_1_328' title='bbox 573 2188 612 2227; x_wconf 85' lang='lat' dir='ltr'>Q.</span> <span class='ocrx_word' id='word_1_329' title='bbox 634 2199 663 2219; x_wconf 90' lang='lat' dir='ltr'>e.</span> <span class='ocrx_word' id='word_1_330' title='bbox 683 2189 702 2220; x_wconf 89' lang='lat' dir='ltr'>i.</span> <span class='ocrx_word' id='word_1_331' title='bbox 723 2189 797 2220; x_wconf 86' lang='lat' dir='ltr'>salsi</span> <span class='ocrx_word' id='word_1_332' title='bbox 813 2199 840 2221; x_wconf 81' lang='lat' dir='ltr'>S.</span> <span class='ocrx_word' id='word_1_333' title='bbox 853 2199 880 2221; x_wconf 89' lang='lat' dir='ltr'>c.</span> <span class='ocrx_word' id='word_1_334' title='bbox 897 2194 1003 2220; x_wconf 85' lang='lat' dir='ltr'>terret</span> <span class='ocrx_word' id='word_1_335' title='bbox 1019 2189 1155 2229; x_wconf 83' lang='lat' dir='ltr'>Munro,</span> <span class='ocrx_word' id='word_1_336' title='bbox 1171 2194 1248 2230; x_wconf 79' lang='lat' dir='ltr'>post</span> <span class='ocrx_word' id='word_1_337' title='bbox 1261 2190 1338 2220; x_wconf 89' lang='lat' dir='ltr'>haec</span> <span class='ocrx_word' id='word_1_338' title='bbox 1352 2201 1461 2220; x_wconf 85' lang='lat' dir='ltr'>unum</span> <span class='ocrx_word' id='word_1_339' title='bbox 1480 2202 1510 2221; x_wconf 82' lang='lat' dir='ltr'>u.</span> 
     </span>
     <span class='ocr_line' id='line_1_38' title="bbox 180 2232 1517 2274; baseline 0 -11"><span class='ocrx_word' id='word_1_340' title='bbox 180 2232 332 2263; x_wconf 82' lang='lat' dir='ltr'>excidisse</span> <span class='ocrx_word' id='word_1_341' title='bbox 345 2243 483 2269; x_wconf 85' lang='lat' dir='ltr'>censens,</span> <span class='ocrx_word' id='word_1_342' title='bbox 502 2232 597 2263; x_wconf 82' lang='lat' dir='ltr'>cuius</span> <span class='ocrx_word' id='word_1_343' title='bbox 612 2243 729 2263; x_wconf 86' lang='lat' dir='ltr'>uersus</span> <span class='ocrx_word' id='word_1_344' title='bbox 743 2232 876 2263; x_wconf 81' lang='lat' dir='ltr'>initium</span> <span class='ocrx_word' id='word_1_345' title='bbox 892 2237 970 2264; x_wconf 77' lang='lat' dir='ltr'>esset</span> <span class='ocrx_word' id='word_1_346' title='bbox 987 2234 1139 2272; x_wconf 84' lang='lat' dir='ltr'>Pectora,</span> <span class='ocrx_word' id='word_1_347' title='bbox 1158 2234 1280 2273; x_wconf 77' lang='lat' dir='ltr'>reliqua</span> <span class='ocrx_word' id='word_1_348' title='bbox 1295 2235 1340 2264; x_wconf 89' lang='lat' dir='ltr'>sic</span> <span class='ocrx_word' id='word_1_349' title='bbox 1353 2235 1517 2274; x_wconf 81' lang='lat' dir='ltr'>suppleuit</span> 
     </span>
     <span class='ocr_line' id='line_1_39' title="bbox 181 2275 1514 2316; baseline 0.002 -10"><span class='ocrx_word' id='word_1_350' title='bbox 181 2276 352 2307; x_wconf 77' lang='lat' dir='ltr'>Buecheler</span> <span class='ocrx_word' id='word_1_351' title='bbox 365 2276 427 2306; x_wconf 91' lang='lat' dir='ltr'>sub</span> <span class='ocrx_word' id='word_1_352' title='bbox 443 2275 583 2306; x_wconf 87' lang='lat' dir='ltr'>latebris</span> <span class='ocrx_word' id='word_1_353' title='bbox 596 2276 727 2315; x_wconf 86' lang='lat' dir='ltr'>fingunt</span> <span class='ocrx_word' id='word_1_354' title='bbox 741 2277 930 2307; x_wconf 86' lang='lat' dir='ltr'>consistere</span> <span class='ocrx_word' id='word_1_355' title='bbox 944 2282 1055 2308; x_wconf 87' lang='lat' dir='ltr'>terrae</span> <span class='ocrx_word' id='word_1_356' title='bbox 1120 2277 1289 2316; x_wconf 84' lang='lat' dir='ltr'>Quicquid</span> <span class='ocrx_word' id='word_1_357' title='bbox 1303 2283 1337 2308; x_wconf 86' lang='lat' dir='ltr'>et</span> <span class='ocrx_word' id='word_1_358' title='bbox 1350 2278 1492 2309; x_wconf 85' lang='lat' dir='ltr'>interius</span> <span class='ocrx_word' id='word_1_359' title='bbox 1509 2291 1514 2309; x_wconf 93' lang='lat'>:</span> 
     </span>
    </p>
   </div>
   <div class='ocr_carea' id='block_1_4' title="bbox 181 2319 1518 2448">
    <p class='ocr_par' dir='ltr' id='par_1_15' title="bbox 181 2319 1518 2448">
     <span class='ocr_line' id='line_1_40' title="bbox 181 2319 1515 2362; baseline 0.001 -12"><span class='ocrx_word' id='word_1_360' title='bbox 181 2319 255 2350; x_wconf 87' lang='lat' dir='ltr'>salsi</span> <span class='ocrx_word' id='word_1_361' title='bbox 280 2329 305 2351; x_wconf 90' lang='lat' dir='ltr'>s.</span> <span class='ocrx_word' id='word_1_362' title='bbox 332 2319 468 2350; x_wconf 89' lang='lat' dir='ltr'>conscia</span> <span class='ocrx_word' id='word_1_363' title='bbox 494 2324 584 2350; x_wconf 86' lang='lat' dir='ltr'>terra</span> <span class='ocrx_word' id='word_1_364' title='bbox 607 2324 660 2350; x_wconf 89' lang='lat' dir='ltr'>est</span> <span class='ocrx_word' id='word_1_365' title='bbox 683 2320 781 2351; x_wconf 83' lang='lat' dir='ltr'>Birt:</span> <span class='ocrx_word' id='word_1_366' title='bbox 809 2320 974 2360; x_wconf 76' lang='lat' dir='ltr'>infernist,</span> <span class='ocrx_word' id='word_1_367' title='bbox 1002 2321 1191 2352; x_wconf 84' lang='lat' dir='ltr'>adhaerent</span> <span class='ocrx_word' id='word_1_368' title='bbox 1215 2322 1330 2362; x_wconf 53' lang='lat' dir='ltr'>scribsi</span> <span class='ocrx_word' id='word_1_369' title='bbox 1473 2323 1515 2360; x_wconf 86' lang='lat'>85</span> 
     </span>
     <span class='ocr_line' id='line_1_41' title="bbox 184 2363 1515 2404; baseline 0.002 -11"><span class='ocrx_word' id='word_1_370' title='bbox 184 2363 255 2393; x_wconf 91' lang='lat' dir='ltr'>Nee</span> <span class='ocrx_word' id='word_1_371' title='bbox 269 2363 297 2394; x_wconf 91' lang='lat' dir='ltr'><em>C</em></span> <span class='ocrx_word' id='word_1_372' title='bbox 312 2373 319 2392; x_wconf 90' lang='lat'>:</span> <span class='ocrx_word' id='word_1_373' title='bbox 344 2363 373 2392; x_wconf 95' lang='lat' dir='ltr'>N</span> <span class='ocrx_word' id='word_1_374' title='bbox 391 2365 522 2392; x_wconf 81' lang='lat' dir='ltr'>tantum</span> <span class='ocrx_word' id='word_1_375' title='bbox 540 2364 574 2393; x_wconf 86' lang='lat' dir='ltr'>in</span> <span class='ocrx_word' id='word_1_376' title='bbox 591 2363 620 2394; x_wconf 81' lang='lat' dir='ltr'><strong><em>S</em></strong></span> <span class='ocrx_word' id='word_1_377' title='bbox 634 2363 784 2404; x_wconf 78' lang='lat' dir='ltr'>dispicere</span> <span class='ocrx_word' id='word_1_378' title='bbox 794 2365 892 2403; x_wconf 79' lang='lat' dir='ltr'>potui</span> <span class='ocrx_word' id='word_1_379' title='bbox 975 2365 1018 2395; x_wconf 88' lang='lat'>86</span> <span class='ocrx_word' id='word_1_380' title='bbox 1042 2370 1173 2395; x_wconf 87' lang='lat' dir='ltr'>metunt</span> <span class='ocrx_word' id='word_1_381' title='bbox 1191 2364 1220 2395; x_wconf 93' lang='lat' dir='ltr'><em>C</em></span> <span class='ocrx_word' id='word_1_382' title='bbox 1304 2366 1346 2395; x_wconf 89' lang='lat'>88</span> <span class='ocrx_word' id='word_1_383' title='bbox 1371 2371 1515 2404; x_wconf 88' lang='lat' dir='ltr'>peccent</span> 
     </span>
     <span class='ocr_line' id='line_1_42' title="bbox 183 2406 1518 2448; baseline 0.001 -11"><span class='ocrx_word' id='word_1_384' title='bbox 183 2406 281 2437; x_wconf 83' lang='lat' dir='ltr'>CSr:</span> <span class='ocrx_word' id='word_1_385' title='bbox 312 2410 430 2445; x_wconf 85' lang='lat' dir='ltr'>peccet</span> <span class='ocrx_word' id='word_1_386' title='bbox 452 2406 619 2438; x_wconf 81' lang='lat' dir='ltr'>Schrader</span> <span class='ocrx_word' id='word_1_387' title='bbox 756 2409 800 2447; x_wconf 84' lang='lat'>89</span> <span class='ocrx_word' id='word_1_388' title='bbox 823 2407 954 2439; x_wconf 87' lang='lat' dir='ltr'>laedam</span> <span class='ocrx_word' id='word_1_389' title='bbox 975 2408 1022 2439; x_wconf 91' lang='lat' dir='ltr'>C:</span> <span class='ocrx_word' id='word_1_390' title='bbox 1051 2408 1161 2439; x_wconf 88' lang='lat' dir='ltr'>ledam</span> <span class='ocrx_word' id='word_1_391' title='bbox 1185 2408 1215 2440; x_wconf 80' lang='lat' dir='ltr'>S</span> <span class='ocrx_word' id='word_1_392' title='bbox 1346 2419 1390 2448; x_wconf 93' lang='lat'>90</span> <span class='ocrx_word' id='word_1_393' title='bbox 1413 2420 1478 2440; x_wconf 85' lang='lat' dir='ltr'>om.</span> <span class='ocrx_word' id='word_1_394' title='bbox 1502 2420 1518 2438; x_wconf 76' lang='grc' dir='ltr'><em>ν</em></span> 
     </span>
    </p>
   </div>
   <div class='ocr_carea' id='block_1_5' title="bbox 181 2449 1101 2491">
    <p class='ocr_par' dir='ltr' id='par_1_16' title="bbox 181 2449 1101 2491">
     <span class='ocr_line' id='line_1_43' title="bbox 181 2449 1101 2491; baseline 0.001 -9"><span class='ocrx_word' id='word_1_395' title='bbox 181 2451 290 2482; x_wconf 83' lang='lat' dir='ltr'>danae</span> <span class='ocrx_word' id='word_1_396' title='bbox 309 2449 356 2481; x_wconf 91' lang='lat' dir='ltr'>C:</span> <span class='ocrx_word' id='word_1_397' title='bbox 380 2450 468 2490; x_wconf 72' lang='lat' dir='ltr'>dane</span> <span class='ocrx_word' id='word_1_398' title='bbox 484 2449 514 2481; x_wconf 81' lang='lat' dir='ltr'><strong><em>S</em></strong></span> <span class='ocrx_word' id='word_1_399' title='bbox 601 2451 792 2491; x_wconf 86' lang='lat' dir='ltr'>praetiosus</span> <span class='ocrx_word' id='word_1_400' title='bbox 808 2451 838 2483; x_wconf 82' lang='lat' dir='ltr'><strong><em>S</em></strong></span> <span class='ocrx_word' id='word_1_401' title='bbox 926 2451 1064 2483; x_wconf 85' lang='lat' dir='ltr'>fulxerit</span> <span class='ocrx_word' id='word_1_402' title='bbox 1081 2463 1101 2483; x_wconf 85' lang='lat' dir='ltr'><em>v</em></span> 
     </span>
    </p>
   </div>
   <div class='ocr_carea' id='block_1_6' title="bbox 435 2508 1286 2591">
    <p class='ocr_par' dir='ltr' id='par_1_17' title="bbox 435 2508 1286 2591">
     <span class='ocr_line' id='line_1_44' title="bbox 435 2508 1286 2549; baseline 0.004 -8"><span class='ocrx_word' id='word_1_403' title='bbox 435 2513 445 2531; x_wconf 82' lang='lat'><em>¹</em></span> <span class='ocrx_word' id='word_1_404' title='bbox 464 2516 499 2541; x_wconf 85' lang='lat' dir='ltr'>ln</span> <span class='ocrx_word' id='word_1_405' title='bbox 512 2516 535 2542; x_wconf 83' lang='lat' dir='ltr'><em>S</em></span> <span class='ocrx_word' id='word_1_406' title='bbox 547 2508 622 2543; x_wconf 54' lang='lat' dir='ltr'>fiscia</span> <span class='ocrx_word' id='word_1_407' title='bbox 634 2516 712 2549; x_wconf 78' lang='lat' dir='ltr'>quod</span> <span class='ocrx_word' id='word_1_408' title='bbox 721 2525 798 2543; x_wconf 82' lang='lat' dir='ltr'>nunc</span> <span class='ocrx_word' id='word_1_409' title='bbox 809 2519 861 2546; x_wconf 66' lang='lat' dir='ltr'>est.</span> <span class='ocrx_word' id='word_1_410' title='bbox 871 2517 959 2549; x_wconf 74' lang='lat' dir='ltr'>prius</span> <span class='ocrx_word' id='word_1_411' title='bbox 973 2517 1094 2543; x_wconf 67' lang='lat' dir='ltr'>uidetur</span> <span class='ocrx_word' id='word_1_412' title='bbox 1096 2517 1193 2549; x_wconf 82' lang='lat' dir='ltr'>fuisse</span> <span class='ocrx_word' id='word_1_413' title='bbox 1205 2512 1286 2544; x_wconf 51' lang='lat' dir='ltr'>Esria.</span> 
     </span>
     <span class='ocr_line' id='line_1_45' title="bbox 826 2565 870 2591; baseline -0.023 0"><span class='ocrx_word' id='word_1_414' title='bbox 826 2565 843 2591; x_wconf 84' lang='lat'>1</span> <span class='ocrx_word' id='word_1_415' title='bbox 855 2565 870 2590; x_wconf 92' lang='lat'>1</span> 
     </span>
    </p>
   </div>
  </div>
 </body>
</html>
