<?xml version="1.0" encoding="UTF-8"?>
<!DOCTYPE html PUBLIC "-//W3C//DTD XHTML 1.0 Transitional//EN"
    "http://www.w3.org/TR/xhtml1/DTD/xhtml1-transitional.dtd">
<html xmlns="http://www.w3.org/1999/xhtml" xml:lang="en" lang="en">
 <head>
  <title>
</title>
<meta http-equiv="Content-Type" content="text/html;charset=utf-8" />
  <meta name='ocr-system' content='tesseract 3.04.00' />
  <meta name='ocr-capabilities' content='ocr_page ocr_carea ocr_par ocr_line ocrx_word'/>
</head>
<body>
  <div class='ocr_page' id='page_1' title='image "aetnavirgil00virg_0141.png"; bbox 0 0 1783 2876; ppageno 0'>
   <div class='ocr_carea' id='block_1_1' title="bbox 716 214 912 251">
    <p class='ocr_par' dir='ltr' id='par_1_1' title="bbox 716 214 912 251">
     <span class='ocr_line' id='line_1_1' title="bbox 716 214 912 251; baseline 0 0"><span class='ocrx_word' id='word_1_1' title='bbox 716 214 912 251; x_wconf 85' lang='lat' dir='ltr'><strong>AETNA</strong></span> 
     </span>
    </p>
   </div>
   <div class='ocr_carea' id='block_1_2' title="bbox 145 321 1485 1219">
    <p class='ocr_par' dir='ltr' id='par_1_2' title="bbox 146 321 1202 374">
     <span class='ocr_line' id='line_1_2' title="bbox 146 321 1202 374; baseline -0.001 -12"><span class='ocrx_word' id='word_1_2' title='bbox 146 325 197 362; x_wconf 84' lang='lat' dir='ltr'>Et</span> <span class='ocrx_word' id='word_1_3' title='bbox 226 335 503 374; x_wconf 84' lang='lat' dir='ltr'>quaecumque</span> <span class='ocrx_word' id='word_1_4' title='bbox 532 321 661 360; x_wconf 86' lang='lat' dir='ltr'>iacent</span> <span class='ocrx_word' id='word_1_5' title='bbox 690 328 801 361; x_wconf 83' lang='lat' dir='ltr'>tanto</span> <span class='ocrx_word' id='word_1_6' title='bbox 831 321 1019 360; x_wconf 79' lang='lat' dir='ltr'>miracula</span> <span class='ocrx_word' id='word_1_7' title='bbox 1049 324 1202 361; x_wconf 87' lang='lat' dir='ltr'>mundo</span> 
     </span>
    </p>

    <p class='ocr_par' dir='ltr' id='par_1_3' title="bbox 146 386 1190 438">
     <span class='ocr_line' id='line_1_3' title="bbox 146 386 1190 438; baseline -0.001 -12"><span class='ocrx_word' id='word_1_8' title='bbox 146 389 240 426; x_wconf 94' lang='lat' dir='ltr'>Non</span> <span class='ocrx_word' id='word_1_9' title='bbox 270 387 428 426; x_wconf 84' lang='lat' dir='ltr'>disiecta</span> <span class='ocrx_word' id='word_1_10' title='bbox 456 386 548 438; x_wconf 85' lang='lat' dir='ltr'>pati,</span> <span class='ocrx_word' id='word_1_11' title='bbox 580 399 655 425; x_wconf 92' lang='lat' dir='ltr'>nec</span> <span class='ocrx_word' id='word_1_12' title='bbox 684 399 828 425; x_wconf 84' lang='lat' dir='ltr'>aceruo</span> <span class='ocrx_word' id='word_1_13' title='bbox 858 386 1021 425; x_wconf 86' lang='lat' dir='ltr'>condita</span> <span class='ocrx_word' id='word_1_14' title='bbox 1049 400 1190 433; x_wconf 90' lang='lat' dir='ltr'>rerum,</span> 
     </span>
    </p>

    <p class='ocr_par' dir='ltr' id='par_1_4' title="bbox 145 450 1093 502">
     <span class='ocr_line' id='line_1_4' title="bbox 145 450 1093 502; baseline -0.001 -11"><span class='ocrx_word' id='word_1_15' title='bbox 145 453 225 492; x_wconf 87' lang='lat' dir='ltr'>Sed</span> <span class='ocrx_word' id='word_1_16' title='bbox 254 451 462 490; x_wconf 82' lang='lat' dir='ltr'>manifesta</span> <span class='ocrx_word' id='word_1_17' title='bbox 490 450 594 490; x_wconf 91' lang='lat' dir='ltr'>notis</span> <span class='ocrx_word' id='word_1_18' title='bbox 624 457 730 490; x_wconf 78' lang='lat' dir='ltr'>certa</span> <span class='ocrx_word' id='word_1_19' title='bbox 758 450 969 502; x_wconf 83' lang='lat' dir='ltr'><strong>disponere</strong></span> <span class='ocrx_word' id='word_1_20' title='bbox 998 452 1093 490; x_wconf 89' lang='lat' dir='ltr'>sede</span> 
     </span>
    </p>

    <p class='ocr_par' dir='ltr' id='par_1_5' title="bbox 145 515 1226 567">
     <span class='ocr_line' id='line_1_5' title="bbox 145 515 1226 567; baseline 0 -13"><span class='ocrx_word' id='word_1_21' title='bbox 145 516 317 567; x_wconf 85' lang='lat' dir='ltr'>Singula,</span> <span class='ocrx_word' id='word_1_22' title='bbox 348 516 486 555; x_wconf 86' lang='lat' dir='ltr'>diuina</span> <span class='ocrx_word' id='word_1_23' title='bbox 513 524 573 555; x_wconf 86' lang='lat' dir='ltr'>est</span> <span class='ocrx_word' id='word_1_24' title='bbox 601 516 723 554; x_wconf 89' lang='lat' dir='ltr'>animi</span> <span class='ocrx_word' id='word_1_25' title='bbox 751 529 798 555; x_wconf 83' lang='lat' dir='ltr'>ac</span> <span class='ocrx_word' id='word_1_26' title='bbox 827 515 1002 555; x_wconf 80' lang='lat' dir='ltr'>iucunda</span> <span class='ocrx_word' id='word_1_27' title='bbox 1031 518 1226 567; x_wconf 81' lang='lat' dir='ltr'>uoluptas.</span> 
     </span>
    </p>

    <p class='ocr_par' dir='ltr' id='par_1_6' title="bbox 145 581 1484 696">
     <span class='ocr_line' id='line_1_6' title="bbox 145 581 1484 632; baseline -0.001 -12"><span class='ocrx_word' id='word_1_28' title='bbox 145 582 225 620; x_wconf 85' lang='lat' dir='ltr'>Sed</span> <span class='ocrx_word' id='word_1_29' title='bbox 253 581 358 632; x_wconf 90' lang='lat' dir='ltr'>prior</span> <span class='ocrx_word' id='word_1_30' title='bbox 387 582 485 620; x_wconf 82' lang='lat' dir='ltr'>haec</span> <span class='ocrx_word' id='word_1_31' title='bbox 514 581 685 620; x_wconf 76' lang='lat' dir='ltr'>hominis</span> <span class='ocrx_word' id='word_1_32' title='bbox 715 595 809 620; x_wconf 82' lang='lat' dir='ltr'>cura</span> <span class='ocrx_word' id='word_1_33' title='bbox 837 589 907 628; x_wconf 92' lang='lat' dir='ltr'>est,</span> <span class='ocrx_word' id='word_1_34' title='bbox 939 595 1179 632; x_wconf 81' lang='lat' dir='ltr'>cognoscere</span> <span class='ocrx_word' id='word_1_35' title='bbox 1209 589 1363 628; x_wconf 81' lang='lat' dir='ltr'>terram,</span> <span class='ocrx_word' id='word_1_36' title='bbox 1422 598 1484 629; x_wconf 82' lang='lat'>250</span> 
     </span>
     <span class='ocr_line' id='line_1_7' title="bbox 146 646 1084 696; baseline 0 -11"><span class='ocrx_word' id='word_1_37' title='bbox 146 647 198 685; x_wconf 90' lang='lat' dir='ltr'>Et</span> <span class='ocrx_word' id='word_1_38' title='bbox 227 659 330 696; x_wconf 80' lang='lat' dir='ltr'>quae</span> <span class='ocrx_word' id='word_1_39' title='bbox 359 652 414 684; x_wconf 82' lang='lat' dir='ltr'>lot</span> <span class='ocrx_word' id='word_1_40' title='bbox 441 646 622 686; x_wconf 78' lang='lat' dir='ltr'>miranda</span> <span class='ocrx_word' id='word_1_41' title='bbox 650 646 738 685; x_wconf 86' lang='lat' dir='ltr'>tulit</span> <span class='ocrx_word' id='word_1_42' title='bbox 768 654 908 684; x_wconf 79' lang='lat' dir='ltr'>natura</span> <span class='ocrx_word' id='word_1_43' title='bbox 936 654 1084 685; x_wconf 84' lang='lat' dir='ltr'>notare.</span> 
     </span>
    </p>

    <p class='ocr_par' dir='ltr' id='par_1_7' title="bbox 147 711 1189 762">
     <span class='ocr_line' id='line_1_8' title="bbox 147 711 1189 762; baseline 0 -12"><span class='ocrx_word' id='word_1_44' title='bbox 147 713 263 750; x_wconf 87' lang='lat' dir='ltr'>Haec</span> <span class='ocrx_word' id='word_1_45' title='bbox 292 711 409 750; x_wconf 92' lang='lat' dir='ltr'>nobis</span> <span class='ocrx_word' id='word_1_46' title='bbox 438 725 593 762; x_wconf 82' lang='lat' dir='ltr'>magna,</span> <span class='ocrx_word' id='word_1_47' title='bbox 624 711 768 750; x_wconf 79' lang='lat' dir='ltr'>adfinis</span> <span class='ocrx_word' id='word_1_48' title='bbox 798 711 1035 750; x_wconf 80' lang='lat' dir='ltr'>caelestibus</span> <span class='ocrx_word' id='word_1_49' title='bbox 1065 711 1189 750; x_wconf 83' lang='lat' dir='ltr'>astris.</span> 
     </span>
    </p>

    <p class='ocr_par' dir='ltr' id='par_1_8' title="bbox 147 777 1228 827">
     <span class='ocr_line' id='line_1_9' title="bbox 147 777 1228 827; baseline 0 -12"><span class='ocrx_word' id='word_1_50' title='bbox 147 777 252 815; x_wconf 87' lang='lat' dir='ltr'>Nam</span> <span class='ocrx_word' id='word_1_51' title='bbox 282 790 396 827; x_wconf 82' lang='lat' dir='ltr'>quae,</span> <span class='ocrx_word' id='word_1_52' title='bbox 427 779 618 824; x_wconf 84' lang='lat' dir='ltr'>mortales,</span> <span class='ocrx_word' id='word_1_53' title='bbox 650 790 774 827; x_wconf 79' lang='lat' dir='ltr'>super</span> <span class='ocrx_word' id='word_1_54' title='bbox 801 784 860 815; x_wconf 89' lang='lat' dir='ltr'>est</span> <span class='ocrx_word' id='word_1_55' title='bbox 889 777 1064 815; x_wconf 84' lang='lat' dir='ltr'>amentia</span> <span class='ocrx_word' id='word_1_56' title='bbox 1093 777 1228 824; x_wconf 82' lang='lat' dir='ltr'>maior,</span> 
     </span>
    </p>

    <p class='ocr_par' dir='ltr' id='par_1_9' title="bbox 147 841 1112 892">
     <span class='ocr_line' id='line_1_10' title="bbox 147 841 1112 892; baseline 0.001 -12"><span class='ocrx_word' id='word_1_57' title='bbox 147 843 197 880; x_wconf 94' lang='lat' dir='ltr'>In</span> <span class='ocrx_word' id='word_1_58' title='bbox 228 841 337 880; x_wconf 90' lang='lat' dir='ltr'>Iouis</span> <span class='ocrx_word' id='word_1_59' title='bbox 367 850 563 881; x_wconf 85' lang='lat' dir='ltr'>errantem</span> <span class='ocrx_word' id='word_1_60' title='bbox 593 855 714 892; x_wconf 90' lang='lat' dir='ltr'>regno</span> <span class='ocrx_word' id='word_1_61' title='bbox 744 842 970 892; x_wconf 79' lang='lat' dir='ltr'>perquirere</span> <span class='ocrx_word' id='word_1_62' title='bbox 999 844 1112 888; x_wconf 85' lang='lat' dir='ltr'>uelle,</span> 
     </span>
    </p>

    <p class='ocr_par' dir='ltr' id='par_1_10' title="bbox 146 907 1485 1088">
     <span class='ocr_line' id='line_1_11' title="bbox 146 907 1485 958; baseline 0.001 -13"><span class='ocrx_word' id='word_1_63' title='bbox 146 908 322 945; x_wconf 85' lang='lat' dir='ltr'>Tantum</span> <span class='ocrx_word' id='word_1_64' title='bbox 343 920 443 957; x_wconf 91' lang='lat' dir='ltr'>opus</span> <span class='ocrx_word' id='word_1_65' title='bbox 463 915 555 946; x_wconf 83' lang='lat' dir='ltr'>ante</span> <span class='ocrx_word' id='word_1_66' title='bbox 575 908 698 956; x_wconf 88' lang='lat' dir='ltr'>pedes</span> <span class='ocrx_word' id='word_1_67' title='bbox 719 907 882 946; x_wconf 89' lang='lat' dir='ltr'>transire</span> <span class='ocrx_word' id='word_1_68' title='bbox 903 921 949 946; x_wconf 83' lang='lat' dir='ltr'>ac</span> <span class='ocrx_word' id='word_1_69' title='bbox 970 908 1133 958; x_wconf 87' lang='lat' dir='ltr'>perdere</span> <span class='ocrx_word' id='word_1_70' title='bbox 1154 921 1313 958; x_wconf 83' lang='lat' dir='ltr'>segnem</span> <span class='ocrx_word' id='word_1_71' title='bbox 1330 909 1347 946; x_wconf 80' lang='grc' dir='ltr'><em>Ρ</em></span> <span class='ocrx_word' id='word_1_72' title='bbox 1424 924 1485 955; x_wconf 83' lang='lat'>255</span> 
     </span>
     <span class='ocr_line' id='line_1_12' title="bbox 147 971 1290 1023; baseline 0 -13"><span class='ocrx_word' id='word_1_73' title='bbox 147 973 398 1022; x_wconf 90' lang='lat' dir='ltr'>Torquemur</span> <span class='ocrx_word' id='word_1_74' title='bbox 427 971 559 1011; x_wconf 89' lang='lat' dir='ltr'>miseri</span> <span class='ocrx_word' id='word_1_75' title='bbox 587 971 628 1010; x_wconf 88' lang='lat' dir='ltr'>in</span> <span class='ocrx_word' id='word_1_76' title='bbox 657 971 789 1022; x_wconf 86' lang='lat' dir='ltr'>paruis</span> <span class='ocrx_word' id='word_1_77' title='bbox 819 972 1115 1023; x_wconf 89' lang='lat' dir='ltr'>premimurque</span> <span class='ocrx_word' id='word_1_78' title='bbox 1143 973 1290 1019; x_wconf 81' lang='lat' dir='ltr'>labore,</span> 
     </span>
     <span class='ocr_line' id='line_1_13' title="bbox 147 1037 1242 1088; baseline 0.001 -13"><span class='ocrx_word' id='word_1_79' title='bbox 147 1038 376 1076; x_wconf 86' lang='lat' dir='ltr'>Scrutamur</span> <span class='ocrx_word' id='word_1_80' title='bbox 404 1037 521 1076; x_wconf 84' lang='lat' dir='ltr'>rimas</span> <span class='ocrx_word' id='word_1_81' title='bbox 551 1044 590 1076; x_wconf 92' lang='lat' dir='ltr'>et</span> <span class='ocrx_word' id='word_1_82' title='bbox 619 1037 808 1076; x_wconf 89' lang='lat' dir='ltr'>uertimus</span> <span class='ocrx_word' id='word_1_83' title='bbox 839 1051 958 1077; x_wconf 89' lang='lat' dir='ltr'>omne</span> <span class='ocrx_word' id='word_1_84' title='bbox 988 1039 1242 1088; x_wconf 86' lang='lat' dir='ltr'>profundum,</span> 
     </span>
    </p>

    <p class='ocr_par' dir='ltr' id='par_1_11' title="bbox 148 1102 1142 1153">
     <span class='ocr_line' id='line_1_14' title="bbox 148 1102 1142 1153; baseline 0 -12"><span class='ocrx_word' id='word_1_85' title='bbox 148 1102 360 1152; x_wconf 81' lang='lat' dir='ltr'>Quaeritur</span> <span class='ocrx_word' id='word_1_86' title='bbox 387 1102 538 1153; x_wconf 83' lang='lat' dir='ltr'>argenti</span> <span class='ocrx_word' id='word_1_87' title='bbox 567 1116 715 1150; x_wconf 91' lang='lat' dir='ltr'>semen,</span> <span class='ocrx_word' id='word_1_88' title='bbox 747 1117 853 1142; x_wconf 89' lang='lat' dir='ltr'>nunc</span> <span class='ocrx_word' id='word_1_89' title='bbox 883 1117 1001 1142; x_wconf 79' lang='lat' dir='ltr'>aurea</span> <span class='ocrx_word' id='word_1_90' title='bbox 1028 1117 1142 1142; x_wconf 83' lang='lat' dir='ltr'>uena.</span> 
     </span>
    </p>

    <p class='ocr_par' dir='ltr' id='par_1_12' title="bbox 147 1169 1206 1219">
     <span class='ocr_line' id='line_1_15' title="bbox 147 1169 1206 1219; baseline 0 -13"><span class='ocrx_word' id='word_1_91' title='bbox 147 1169 402 1219; x_wconf 89' lang='lat' dir='ltr'>Torquentur</span> <span class='ocrx_word' id='word_1_92' title='bbox 430 1170 591 1207; x_wconf 82' lang='lat' dir='ltr'>flamma</span> <span class='ocrx_word' id='word_1_93' title='bbox 619 1173 742 1207; x_wconf 73' lang='lat' dir='ltr'>terrae</span> <span class='ocrx_word' id='word_1_94' title='bbox 771 1169 953 1219; x_wconf 85' lang='lat' dir='ltr'>ferroque</span> <span class='ocrx_word' id='word_1_95' title='bbox 981 1170 1206 1215; x_wconf 80' lang='lat' dir='ltr'>domantur,</span> 
     </span>
    </p>
   </div>
   <div class='ocr_carea' id='block_1_3' title="bbox 149 1246 1491 1723">
    <p class='ocr_par' dir='ltr' id='par_1_13' title="bbox 149 1246 1491 1723">
     <span class='ocr_line' id='line_1_16' title="bbox 192 1246 1486 1288; baseline 0 -11"><span class='ocrx_word' id='word_1_96' title='bbox 192 1248 256 1285; x_wconf 85' lang='lat'>246</span> <span class='ocrx_word' id='word_1_97' title='bbox 279 1257 493 1287; x_wconf 88' lang='lat' dir='ltr'>quocumque</span> <span class='ocrx_word' id='word_1_98' title='bbox 506 1246 578 1278; x_wconf 84' lang='lat' dir='ltr'>Esc.</span> <span class='ocrx_word' id='word_1_99' title='bbox 661 1246 773 1277; x_wconf 86' lang='lat' dir='ltr'>iacent</span> <span class='ocrx_word' id='word_1_100' title='bbox 787 1246 883 1278; x_wconf 71' lang='lat' dir='ltr'>SCrv</span> <span class='ocrx_word' id='word_1_101' title='bbox 896 1247 966 1279; x_wconf 83' lang='lat' dir='ltr'>Esc.</span> <span class='ocrx_word' id='word_1_102' title='bbox 986 1259 993 1279; x_wconf 75' lang='grc' dir='ltr'><strong>ε</strong></span> <span class='ocrx_word' id='word_1_103' title='bbox 1016 1248 1124 1278; x_wconf 87' lang='lat' dir='ltr'>latent</span> <span class='ocrx_word' id='word_1_104' title='bbox 1137 1251 1281 1288; x_wconf 56' lang='lat' dir='ltr'>excerpta</span> <span class='ocrx_word' id='word_1_105' title='bbox 1293 1247 1486 1281; x_wconf 77' lang='lat' dir='ltr'>Pilhoeana.</span> 
     </span>
     <span class='ocr_line' id='line_1_17' title="bbox 149 1290 1489 1331; baseline -0.001 -9"><span class='ocrx_word' id='word_1_106' title='bbox 149 1291 320 1322; x_wconf 77' lang='lat' dir='ltr'>Baehrens</span> <span class='ocrx_word' id='word_1_107' title='bbox 337 1303 344 1322; x_wconf 74' lang='lat' dir='ltr'>z</span> <span class='ocrx_word' id='word_1_108' title='bbox 368 1297 488 1331; x_wconf 82' lang='lat' dir='ltr'>patent</span> <span class='ocrx_word' id='word_1_109' title='bbox 509 1291 724 1331; x_wconf 73' lang='lat' dir='ltr'>Wasscnhetg</span> <span class='ocrx_word' id='word_1_110' title='bbox 738 1295 767 1321; x_wconf 81' lang='lat' dir='ltr'>el</span> <span class='ocrx_word' id='word_1_111' title='bbox 781 1290 954 1331; x_wconf 75' lang='lat' dir='ltr'>Sunngar</span> <span class='ocrx_word' id='word_1_112' title='bbox 1077 1301 1140 1330; x_wconf 83' lang='lat'>247</span> <span class='ocrx_word' id='word_1_113' title='bbox 1166 1297 1329 1330; x_wconf 87' lang='lat' dir='ltr'>congesta</span> <span class='ocrx_word' id='word_1_114' title='bbox 1345 1292 1489 1321; x_wconf 78' lang='lat' dir='ltr'>traditur</span> 
     </span>
     <span class='ocr_line' id='line_1_18' title="bbox 150 1333 1487 1375; baseline -0.001 -10"><span class='ocrx_word' id='word_1_115' title='bbox 150 1346 189 1365; x_wconf 79' lang='lat' dir='ltr'>cx</span> <span class='ocrx_word' id='word_1_116' title='bbox 220 1334 323 1374; x_wconf 72' lang='lat' dir='ltr'>Gynz</span> <span class='ocrx_word' id='word_1_117' title='bbox 363 1336 498 1374; x_wconf 85' lang='lat' dir='ltr'>digesta</span> <span class='ocrx_word' id='word_1_118' title='bbox 537 1333 634 1365; x_wconf 76' lang='lat' dir='ltr'>SCrv</span> <span class='ocrx_word' id='word_1_119' title='bbox 662 1335 736 1365; x_wconf 84' lang='lat' dir='ltr'>Esc.</span> <span class='ocrx_word' id='word_1_120' title='bbox 769 1334 858 1374; x_wconf 84' lang='lat' dir='ltr'>quod</span> <span class='ocrx_word' id='word_1_121' title='bbox 885 1345 925 1365; x_wconf 78' lang='lat' dir='ltr'>ex</span> <span class='ocrx_word' id='word_1_122' title='bbox 956 1334 1117 1366; x_wconf 85' lang='lat' dir='ltr'>disiecta·</span> <span class='ocrx_word' id='word_1_123' title='bbox 1144 1336 1258 1375; x_wconf 72' lang='lat' dir='ltr'>potius</span> <span class='ocrx_word' id='word_1_124' title='bbox 1295 1339 1487 1375; x_wconf 78' lang='lat' dir='ltr'>corruptum</span> 
     </span>
     <span class='ocr_line' id='line_1_19' title="bbox 150 1377 1489 1417; baseline 0.001 -9"><span class='ocrx_word' id='word_1_125' title='bbox 150 1378 296 1408; x_wconf 80' lang='lat' dir='ltr'>arbitror</span> <span class='ocrx_word' id='word_1_126' title='bbox 447 1378 512 1417; x_wconf 83' lang='lat'>248</span> <span class='ocrx_word' id='word_1_127' title='bbox 536 1384 650 1409; x_wconf 83' lang='lat' dir='ltr'>cerata</span> <span class='ocrx_word' id='word_1_128' title='bbox 670 1378 698 1408; x_wconf 89' lang='lat' dir='ltr'>C</span> <span class='ocrx_word' id='word_1_129' title='bbox 850 1389 914 1417; x_wconf 80' lang='lat'>249</span> <span class='ocrx_word' id='word_1_130' title='bbox 939 1379 1083 1409; x_wconf 87' lang='lat' dir='ltr'>iocunda</span> <span class='ocrx_word' id='word_1_131' title='bbox 1099 1377 1129 1408; x_wconf 84' lang='lat' dir='ltr'><strong><em>S</em></strong></span> <span class='ocrx_word' id='word_1_132' title='bbox 1142 1379 1214 1410; x_wconf 76' lang='lat' dir='ltr'>Esc.</span> <span class='ocrx_word' id='word_1_133' title='bbox 1329 1379 1489 1410; x_wconf 85' lang='lat' dir='ltr'>uoluntas</span> 
     </span>
     <span class='ocr_line' id='line_1_20' title="bbox 150 1421 1490 1461; baseline 0 -8"><span class='ocrx_word' id='word_1_134' title='bbox 150 1422 226 1454; x_wconf 79' lang='lat' dir='ltr'>Esc.</span> <span class='ocrx_word' id='word_1_135' title='bbox 315 1421 398 1452; x_wconf 81' lang='lat' dir='ltr'>Post</span> <span class='ocrx_word' id='word_1_136' title='bbox 412 1432 477 1461; x_wconf 90' lang='lat'>249</span> <span class='ocrx_word' id='word_1_137' title='bbox 493 1422 566 1452; x_wconf 81' lang='lat' dir='ltr'><strong><em>Esc.</em></strong></span> <span class='ocrx_word' id='word_1_138' title='bbox 584 1422 704 1452; x_wconf 73' lang='lat' dir='ltr'>habent</span> <span class='ocrx_word' id='word_1_139' title='bbox 719 1432 793 1461; x_wconf 74' lang='lat'>223,</span> <span class='ocrx_word' id='word_1_140' title='bbox 810 1432 829 1460; x_wconf 90' lang='lat'><strong>4</strong></span> <span class='ocrx_word' id='word_1_141' title='bbox 848 1422 924 1452; x_wconf 90' lang='lat' dir='ltr'>Non</span> <span class='ocrx_word' id='word_1_142' title='bbox 943 1423 1051 1453; x_wconf 88' lang='lat' dir='ltr'>oculis</span> <span class='ocrx_word' id='word_1_143' title='bbox 1069 1446 1077 1454; x_wconf 84' lang='lat'><strong>.</strong></span> <span class='ocrx_word' id='word_1_144' title='bbox 1100 1445 1108 1453; x_wconf 89' lang='lat'><strong>.</strong></span> <span class='ocrx_word' id='word_1_145' title='bbox 1128 1447 1134 1453; x_wconf 93' lang='lat'>.</span> <span class='ocrx_word' id='word_1_146' title='bbox 1153 1422 1251 1453; x_wconf 88' lang='lat' dir='ltr'>More</span> <span class='ocrx_word' id='word_1_147' title='bbox 1269 1432 1333 1452; x_wconf 90' lang='lat' dir='ltr'>nec</span> <span class='ocrx_word' id='word_1_148' title='bbox 1351 1423 1490 1459; x_wconf 78' lang='lat' dir='ltr'>effusis3</span> 
     </span>
     <span class='ocr_line' id='line_1_21' title="bbox 151 1466 1487 1505; baseline 0 -9"><span class='ocrx_word' id='word_1_149' title='bbox 151 1466 224 1496; x_wconf 83' lang='lat' dir='ltr'>dein</span> <span class='ocrx_word' id='word_1_150' title='bbox 251 1466 385 1496; x_wconf 81' lang='lat' dir='ltr'>omissis</span> <span class='ocrx_word' id='word_1_151' title='bbox 407 1475 517 1505; x_wconf 84' lang='lat'>250-5</span> <span class='ocrx_word' id='word_1_152' title='bbox 545 1466 655 1505; x_wconf 78' lang='lat' dir='ltr'>incipit</span> <span class='ocrx_word' id='word_1_153' title='bbox 677 1466 820 1495; x_wconf 81' lang='lat' dir='ltr'>alterum</span> <span class='ocrx_word' id='word_1_154' title='bbox 845 1469 1030 1504; x_wconf 80' lang='lat' dir='ltr'>excerptmn</span> <span class='ocrx_word' id='word_1_155' title='bbox 1055 1466 1269 1505; x_wconf 76' lang='lat' dir='ltr'>&#39;l&#39;orquemur</span> <span class='ocrx_word' id='word_1_156' title='bbox 1294 1466 1409 1497; x_wconf 90' lang='lat' dir='ltr'>miseri</span> <span class='ocrx_word' id='word_1_157' title='bbox 1433 1470 1487 1496; x_wconf 78' lang='lat' dir='ltr'>etc.</span> 
     </span>
     <span class='ocr_line' id='line_1_22' title="bbox 150 1509 1490 1549; baseline 0.001 -10"><span class='ocrx_word' id='word_1_158' title='bbox 150 1510 206 1540; x_wconf 85' lang='lat' dir='ltr'>cui</span> <span class='ocrx_word' id='word_1_159' title='bbox 221 1509 414 1549; x_wconf 68' lang='lat' dir='ltr'>praefixum</span> <span class='ocrx_word' id='word_1_160' title='bbox 438 1513 485 1539; x_wconf 80' lang='lat' dir='ltr'>est</span> <span class='ocrx_word' id='word_1_161' title='bbox 506 1509 719 1548; x_wconf 88' lang='lat' dir='ltr'>Conquestio</span> <span class='ocrx_word' id='word_1_162' title='bbox 736 1509 827 1548; x_wconf 88' lang='lat' dir='ltr'>quod</span> <span class='ocrx_word' id='word_1_163' title='bbox 845 1510 1006 1539; x_wconf 86' lang='lat' dir='ltr'>maiorem</span> <span class='ocrx_word' id='word_1_164' title='bbox 1029 1510 1150 1540; x_wconf 89' lang='lat' dir='ltr'>demus</span> <span class='ocrx_word' id='word_1_165' title='bbox 1173 1519 1312 1548; x_wconf 80' lang='lat' dir='ltr'>operam</span> <span class='ocrx_word' id='word_1_166' title='bbox 1332 1511 1490 1548; x_wconf 80' lang='lat' dir='ltr'>augende</span> 
     </span>
     <span class='ocr_line' id='line_1_23' title="bbox 152 1552 1490 1592; baseline 0 -9"><span class='ocrx_word' id='word_1_167' title='bbox 152 1554 298 1592; x_wconf 86' lang='lat' dir='ltr'>pecunie</span> <span class='ocrx_word' id='word_1_168' title='bbox 315 1563 415 1591; x_wconf 91' lang='lat' dir='ltr'>quam</span> <span class='ocrx_word' id='word_1_169' title='bbox 432 1553 575 1584; x_wconf 85' lang='lat' dir='ltr'>scientie</span> <span class='ocrx_word' id='word_1_170' title='bbox 709 1562 774 1591; x_wconf 84' lang='lat'>250</span> <span class='ocrx_word' id='word_1_171' title='bbox 798 1552 946 1583; x_wconf 87' lang='lat' dir='ltr'>hominis</span> <span class='ocrx_word' id='word_1_172' title='bbox 964 1563 998 1584; x_wconf 83' lang='lat' dir='ltr'>r:</span> <span class='ocrx_word' id='word_1_173' title='bbox 1021 1553 1166 1583; x_wconf 89' lang='lat' dir='ltr'>dominis</span> <span class='ocrx_word' id='word_1_174' title='bbox 1185 1553 1229 1584; x_wconf 87' lang='lat' dir='ltr'>C:</span> <span class='ocrx_word' id='word_1_175' title='bbox 1254 1553 1428 1583; x_wconf 88' lang='lat' dir='ltr'>hominum</span> <span class='ocrx_word' id='word_1_176' title='bbox 1446 1564 1466 1583; x_wconf 84' lang='lat' dir='ltr'><em>v</em></span> <span class='ocrx_word' id='word_1_177' title='bbox 1483 1564 1490 1583; x_wconf 73' lang='grc' dir='ltr'><strong><em>ε</em></strong></span> 
     </span>
     <span class='ocr_line' id='line_1_24' title="bbox 153 1596 1491 1636; baseline 0.001 -9"><span class='ocrx_word' id='word_1_178' title='bbox 153 1596 244 1627; x_wconf 87' lang='lat' dir='ltr'>omni</span> <span class='ocrx_word' id='word_1_179' title='bbox 263 1596 408 1626; x_wconf 81' lang='lat' dir='ltr'>traditur</span> <span class='ocrx_word' id='word_1_180' title='bbox 421 1607 461 1627; x_wconf 87' lang='lat' dir='ltr'>ex</span> <span class='ocrx_word' id='word_1_181' title='bbox 479 1596 554 1635; x_wconf 84' lang='lat' dir='ltr'>Gyr.</span> <span class='ocrx_word' id='word_1_182' title='bbox 688 1606 749 1635; x_wconf 83' lang='lat'>251</span> <span class='ocrx_word' id='word_1_183' title='bbox 776 1607 842 1627; x_wconf 83' lang='lat' dir='ltr'>om.</span> <span class='ocrx_word' id='word_1_184' title='bbox 861 1597 955 1627; x_wconf 87' lang='lat' dir='ltr'>rAr.</span> <span class='ocrx_word' id='word_1_185' title='bbox 975 1608 982 1627; x_wconf 73' lang='grc' dir='ltr'>ε</span> <span class='ocrx_word' id='word_1_186' title='bbox 1007 1597 1172 1636; x_wconf 82' lang='lat' dir='ltr'>Quaeque</span> <span class='ocrx_word' id='word_1_187' title='bbox 1194 1597 1227 1627; x_wconf 89' lang='lat' dir='ltr'>in</span> <span class='ocrx_word' id='word_1_188' title='bbox 1253 1607 1293 1627; x_wconf 87' lang='lat' dir='ltr'>ea</span> <span class='ocrx_word' id='word_1_189' title='bbox 1320 1597 1394 1635; x_wconf 84' lang='lat' dir='ltr'>Gyr.</span> <span class='ocrx_word' id='word_1_190' title='bbox 1416 1608 1423 1627; x_wconf 89' lang='lat'>:</span> <span class='ocrx_word' id='word_1_191' title='bbox 1448 1597 1491 1628; x_wconf 81' lang='lat' dir='ltr'>Et</span> 
     </span>
     <span class='ocr_line' id='line_1_25' title="bbox 152 1639 1489 1680; baseline 0.001 -10"><span class='ocrx_word' id='word_1_192' title='bbox 152 1650 242 1680; x_wconf 88' lang='lat' dir='ltr'>quae</span> <span class='ocrx_word' id='word_1_193' title='bbox 267 1650 356 1670; x_wconf 88' lang='lat' dir='ltr'>nune</span> <span class='ocrx_word' id='word_1_194' title='bbox 384 1639 430 1671; x_wconf 88' lang='lat' dir='ltr'>C:</span> <span class='ocrx_word' id='word_1_195' title='bbox 457 1640 499 1670; x_wconf 82' lang='lat' dir='ltr'>Et</span> <span class='ocrx_word' id='word_1_196' title='bbox 519 1650 608 1679; x_wconf 85' lang='lat' dir='ltr'>quae</span> <span class='ocrx_word' id='word_1_197' title='bbox 629 1643 679 1670; x_wconf 89' lang='lat' dir='ltr'>tot</span> <span class='ocrx_word' id='word_1_198' title='bbox 701 1644 844 1680; x_wconf 82' lang='lat' dir='ltr'>excerpta</span> <span class='ocrx_word' id='word_1_199' title='bbox 868 1640 1060 1670; x_wconf 68' lang='lat' dir='ltr'>l&#39;z&#39;tlzocana.</span> <span class='ocrx_word' id='word_1_200' title='bbox 1110 1641 1206 1670; x_wconf 82' lang='lat' dir='ltr'>Num</span> <span class='ocrx_word' id='word_1_201' title='bbox 1232 1640 1284 1677; x_wconf 81' lang='lat' dir='ltr'>Et,</span> <span class='ocrx_word' id='word_1_202' title='bbox 1311 1651 1398 1679; x_wconf 87' lang='lat' dir='ltr'>quae</span> <span class='ocrx_word' id='word_1_203' title='bbox 1422 1651 1489 1671; x_wconf 90' lang='lat' dir='ltr'>non</span> 
     </span>
     <span class='ocr_line' id='line_1_26' title="bbox 153 1684 1490 1723; baseline 0 -9"><span class='ocrx_word' id='word_1_204' title='bbox 153 1684 307 1714; x_wconf 87' lang='lat' dir='ltr'>miranda</span> <span class='ocrx_word' id='word_1_205' title='bbox 331 1684 408 1714; x_wconf 88' lang='lat' dir='ltr'>tulit</span> <span class='ocrx_word' id='word_1_206' title='bbox 434 1685 578 1714; x_wconf 77' lang='lat' dir='ltr'>natura?</span> <span class='ocrx_word' id='word_1_207' title='bbox 610 1689 731 1714; x_wconf 89' lang='lat' dir='ltr'>notare</span> <span class='ocrx_word' id='word_1_208' title='bbox 760 1684 791 1715; x_wconf 73' lang='lat' dir='ltr'>lt.</span> <span class='ocrx_word' id='word_1_209' title='bbox 818 1694 841 1715; x_wconf 87' lang='lat' dir='ltr'>e.</span> <span class='ocrx_word' id='word_1_210' title='bbox 869 1687 898 1714; x_wconf 82' lang='lat' dir='ltr'>et</span> <span class='ocrx_word' id='word_1_211' title='bbox 923 1689 1034 1714; x_wconf 75' lang='lat' dir='ltr'>notare</span> <span class='ocrx_word' id='word_1_212' title='bbox 1057 1684 1225 1723; x_wconf 81' lang='lat' dir='ltr'>infinitam</span> <span class='ocrx_word' id='word_1_213' title='bbox 1247 1684 1361 1714; x_wconf 69' lang='lat' dir='ltr'>seriem</span> <span class='ocrx_word' id='word_1_214' title='bbox 1388 1685 1490 1714; x_wconf 77' lang='lat' dir='ltr'>mira-</span> 
     </span>
    </p>
   </div>
   <div class='ocr_carea' id='block_1_4' title="bbox 151 1727 1491 1889">
    <p class='ocr_par' dir='ltr' id='par_1_14' title="bbox 151 1727 1491 1767">
     <span class='ocr_line' id='line_1_27' title="bbox 151 1727 1491 1767; baseline 0 -9"><span class='ocrx_word' id='word_1_215' title='bbox 151 1728 306 1758; x_wconf 80' lang='lat' dir='ltr'>culorum</span> <span class='ocrx_word' id='word_1_216' title='bbox 323 1738 406 1767; x_wconf 83' lang='lat' dir='ltr'>quae</span> <span class='ocrx_word' id='word_1_217' title='bbox 420 1728 455 1758; x_wconf 77' lang='lat' dir='ltr'>in</span> <span class='ocrx_word' id='word_1_218' title='bbox 473 1731 595 1758; x_wconf 77' lang='lat' dir='ltr'>natura</span> <span class='ocrx_word' id='word_1_219' title='bbox 612 1728 729 1757; x_wconf 81' lang='lat' dir='ltr'>insunt</span> <span class='ocrx_word' id='word_1_220' title='bbox 864 1737 928 1766; x_wconf 88' lang='grc'>252</span> <span class='ocrx_word' id='word_1_221' title='bbox 953 1728 1061 1767; x_wconf 82' lang='lat' dir='ltr'>magis</span> <span class='ocrx_word' id='word_1_222' title='bbox 1077 1728 1188 1759; x_wconf 83' lang='lat' dir='ltr'>affinis</span> <span class='ocrx_word' id='word_1_223' title='bbox 1208 1727 1283 1767; x_wconf 86' lang='lat' dir='ltr'>Gyr.</span> <span class='ocrx_word' id='word_1_224' title='bbox 1303 1731 1332 1757; x_wconf 76' lang='lat' dir='ltr'>et</span> <span class='ocrx_word' id='word_1_225' title='bbox 1346 1732 1491 1767; x_wconf 75' lang='lat' dir='ltr'>excerpta</span> 
     </span>
    </p>

    <p class='ocr_par' dir='ltr' id='par_1_15' title="bbox 154 1770 1489 1840">
     <span class='ocr_line' id='line_1_28' title="bbox 154 1770 1489 1812; baseline 0 -11"><span class='ocrx_word' id='word_1_226' title='bbox 154 1770 338 1801; x_wconf 79' lang='lat' dir='ltr'>Pithoeana</span> <span class='ocrx_word' id='word_1_227' title='bbox 494 1781 558 1810; x_wconf 85' lang='lat'>253</span> <span class='ocrx_word' id='word_1_228' title='bbox 592 1772 745 1802; x_wconf 87' lang='lat' dir='ltr'>mortalis</span> <span class='ocrx_word' id='word_1_229' title='bbox 776 1770 896 1802; x_wconf 83' lang='lat' dir='ltr'>SCrv:</span> <span class='ocrx_word' id='word_1_230' title='bbox 934 1772 1095 1802; x_wconf 86' lang='lat' dir='ltr'>mortales</span> <span class='ocrx_word' id='word_1_231' title='bbox 1120 1771 1279 1812; x_wconf 70' lang='lat' dir='ltr'>Scahger,</span> <span class='ocrx_word' id='word_1_232' title='bbox 1311 1775 1489 1811; x_wconf 81' lang='lat' dir='ltr'>tamquam</span> 
     </span>
     <span class='ocr_line' id='line_1_29' title="bbox 452 1821 529 1840; baseline 0 -1"><span class='ocrx_word' id='word_1_233' title='bbox 452 1823 474 1840; x_wconf 76' lang='lat' dir='ltr'>S.</span> <span class='ocrx_word' id='word_1_234' title='bbox 487 1821 529 1839; x_wconf 73' lang='lat' dir='ltr'>CSt</span> 
     </span>
    </p>

    <p class='ocr_par' dir='ltr' id='par_1_16' title="bbox 155 1847 1490 1889">
     <span class='ocr_line' id='line_1_30' title="bbox 155 1847 1490 1889; baseline 0.001 -11"><span class='ocrx_word' id='word_1_235' title='bbox 155 1848 346 1878; x_wconf 74' lang='lat' dir='ltr'>uocait&#39;umn</span> <span class='ocrx_word' id='word_1_236' title='bbox 446 1859 538 1888; x_wconf 89' lang='lat' dir='ltr'>spes.</span> <span class='ocrx_word' id='word_1_237' title='bbox 563 1858 698 1888; x_wconf 82' lang='lat' dir='ltr'>quaeue</span> <span class='ocrx_word' id='word_1_238' title='bbox 722 1859 753 1879; x_wconf 90' lang='lat' dir='ltr'>a.</span> <span class='ocrx_word' id='word_1_239' title='bbox 777 1859 820 1880; x_wconf 87' lang='lat' dir='ltr'>m.</span> <span class='ocrx_word' id='word_1_240' title='bbox 850 1847 899 1880; x_wconf 86' lang='lat' dir='ltr'>C:</span> <span class='ocrx_word' id='word_1_241' title='bbox 930 1859 1011 1888; x_wconf 87' lang='lat' dir='ltr'>spes</span> <span class='ocrx_word' id='word_1_242' title='bbox 1037 1853 1108 1880; x_wconf 85' lang='lat' dir='ltr'>est:</span> <span class='ocrx_word' id='word_1_243' title='bbox 1138 1859 1204 1889; x_wconf 90' lang='lat' dir='ltr'>que</span> <span class='ocrx_word' id='word_1_244' title='bbox 1231 1847 1355 1879; x_wconf 79' lang='lat' dir='ltr'>amatia</span> <span class='ocrx_word' id='word_1_245' title='bbox 1382 1849 1490 1880; x_wconf 90' lang='lat' dir='ltr'>maius</span> 
     </span>
    </p>
   </div>
   <div class='ocr_carea' id='block_1_5' title="bbox 155 1892 1492 1976">
    <p class='ocr_par' dir='ltr' id='par_1_17' title="bbox 155 1892 1492 1976">
     <span class='ocr_line' id='line_1_31' title="bbox 156 1892 1492 1933; baseline 0.001 -12"><span class='ocrx_word' id='word_1_246' title='bbox 156 1902 193 1922; x_wconf 77' lang='lat' dir='ltr'>r:</span> <span class='ocrx_word' id='word_1_247' title='bbox 217 1892 352 1931; x_wconf 84' lang='lat' dir='ltr'>species</span> <span class='ocrx_word' id='word_1_248' title='bbox 377 1902 442 1931; x_wconf 90' lang='lat' dir='ltr'>que</span> <span class='ocrx_word' id='word_1_249' title='bbox 475 1902 517 1922; x_wconf 90' lang='lat' dir='ltr'>ue</span> <span class='ocrx_word' id='word_1_250' title='bbox 543 1893 690 1923; x_wconf 88' lang='lat' dir='ltr'>amantia</span> <span class='ocrx_word' id='word_1_251' title='bbox 718 1892 826 1922; x_wconf 83' lang='lat' dir='ltr'>maius</span> <span class='ocrx_word' id='word_1_252' title='bbox 853 1903 895 1923; x_wconf 88' lang='lat' dir='ltr'>v:</span> <span class='ocrx_word' id='word_1_253' title='bbox 926 1893 1057 1923; x_wconf 85' lang='lat' dir='ltr'>mortali</span> <span class='ocrx_word' id='word_1_254' title='bbox 1085 1894 1240 1933; x_wconf 83' lang='lat' dir='ltr'>cuiquam</span> <span class='ocrx_word' id='word_1_255' title='bbox 1269 1897 1322 1923; x_wconf 91' lang='lat' dir='ltr'>est</span> <span class='ocrx_word' id='word_1_256' title='bbox 1349 1893 1492 1922; x_wconf 72' lang='lat' dir='ltr'>traditur</span> 
     </span>
     <span class='ocr_line' id='line_1_32' title="bbox 155 1935 1491 1976; baseline 0 -10"><span class='ocrx_word' id='word_1_257' title='bbox 155 1945 194 1965; x_wconf 78' lang='lat' dir='ltr'>ex</span> <span class='ocrx_word' id='word_1_258' title='bbox 223 1935 322 1975; x_wconf 71' lang='lat' dir='ltr'>Gyn:</span> <span class='ocrx_word' id='word_1_259' title='bbox 352 1936 489 1966; x_wconf 83' lang='lat' dir='ltr'>mortali</span> <span class='ocrx_word' id='word_1_260' title='bbox 514 1941 672 1976; x_wconf 85' lang='lat' dir='ltr'>superest</span> <span class='ocrx_word' id='word_1_261' title='bbox 697 1937 831 1976; x_wconf 74' lang='lat' dir='ltr'>scrt&#39;pSi:</span> <span class='ocrx_word' id='word_1_262' title='bbox 863 1936 948 1966; x_wconf 88' lang='lat' dir='ltr'>Nam</span> <span class='ocrx_word' id='word_1_263' title='bbox 972 1947 1060 1976; x_wconf 83' lang='lat' dir='ltr'>quae</span> <span class='ocrx_word' id='word_1_264' title='bbox 1088 1937 1222 1967; x_wconf 85' lang='lat' dir='ltr'>mortali</span> <span class='ocrx_word' id='word_1_265' title='bbox 1251 1946 1332 1976; x_wconf 87' lang='lat' dir='ltr'>spes</span> <span class='ocrx_word' id='word_1_266' title='bbox 1358 1947 1491 1976; x_wconf 89' lang='lat' dir='ltr'>quaeue</span> 
     </span>
    </p>
   </div>
   <div class='ocr_carea' id='block_1_6' title="bbox 155 1990 1494 2360">
    <p class='ocr_par' dir='ltr' id='par_1_18' title="bbox 155 1990 1494 2360">
     <span class='ocr_line' id='line_1_33' title="bbox 1107 1990 1123 2005; baseline 0 0"><span class='ocrx_word' id='word_1_267' title='bbox 1107 1990 1123 2005; x_wconf 93' lang='lat' dir='ltr'>O</span> 
     </span>
     <span class='ocr_line' id='line_1_34' title="bbox 155 2012 1491 2057; baseline 0.001 -15"><span class='ocrx_word' id='word_1_268' title='bbox 155 2022 184 2044; x_wconf 92' lang='lat' dir='ltr'>a.</span> <span class='ocrx_word' id='word_1_269' title='bbox 205 2022 249 2044; x_wconf 89' lang='lat' dir='ltr'>m.</span> <span class='ocrx_word' id='word_1_270' title='bbox 267 2012 391 2053; x_wconf 76' lang='lat' dir='ltr'>Haupt</span> <span class='ocrx_word' id='word_1_271' title='bbox 406 2017 433 2043; x_wconf 72' lang='lat' dir='ltr'>ct</span> <span class='ocrx_word' id='word_1_272' title='bbox 447 2014 493 2044; x_wconf 73' lang='lat' dir='ltr'>sic</span> <span class='ocrx_word' id='word_1_273' title='bbox 507 2013 634 2043; x_wconf 80' lang='lat' dir='ltr'>Munro</span> <span class='ocrx_word' id='word_1_274' title='bbox 650 2013 708 2044; x_wconf 83' lang='lat' dir='ltr'>scd</span> <span class='ocrx_word' id='word_1_275' title='bbox 720 2013 871 2044; x_wconf 88' lang='lat' dir='ltr'>mortalis</span> <span class='ocrx_word' id='word_1_276' title='bbox 959 2024 1023 2053; x_wconf 83' lang='lat'>254</span> <span class='ocrx_word' id='word_1_277' title='bbox 1049 2013 1180 2057; x_wconf 71' lang='lat' dir='ltr'>Iniyiuis</span> <span class='ocrx_word' id='word_1_278' title='bbox 1199 2013 1227 2044; x_wconf 92' lang='lat' dir='ltr'>C</span> <span class='ocrx_word' id='word_1_279' title='bbox 1291 2013 1491 2053; x_wconf 85' lang='lat' dir='ltr'>perquirere</span> 
     </span>
     <span class='ocr_line' id='line_1_35' title="bbox 156 2055 1491 2097; baseline 0.001 -11"><span class='ocrx_word' id='word_1_280' title='bbox 156 2055 207 2086; x_wconf 83' lang='lat' dir='ltr'>S:</span> <span class='ocrx_word' id='word_1_281' title='bbox 237 2058 398 2096; x_wconf 85' lang='lat' dir='ltr'>perquire</span> <span class='ocrx_word' id='word_1_282' title='bbox 424 2057 470 2088; x_wconf 89' lang='lat' dir='ltr'>Cr</span> <span class='ocrx_word' id='word_1_283' title='bbox 556 2057 645 2088; x_wconf 88' lang='lat' dir='ltr'>uelle</span> <span class='ocrx_word' id='word_1_284' title='bbox 669 2057 747 2088; x_wconf 83' lang='lat' dir='ltr'>SCr</span> <span class='ocrx_word' id='word_1_285' title='bbox 830 2058 929 2088; x_wconf 89' lang='lat' dir='ltr'>diuos</span> <span class='ocrx_word' id='word_1_286' title='bbox 954 2057 1100 2088; x_wconf 76' lang='lat' dir='ltr'>traditur</span> <span class='ocrx_word' id='word_1_287' title='bbox 1119 2069 1159 2088; x_wconf 74' lang='lat' dir='ltr'>cx</span> <span class='ocrx_word' id='word_1_288' title='bbox 1185 2057 1260 2097; x_wconf 84' lang='lat' dir='ltr'>Gyr.</span> <span class='ocrx_word' id='word_1_289' title='bbox 1366 2068 1429 2097; x_wconf 85' lang='lat'>255</span> <span class='ocrx_word' id='word_1_290' title='bbox 1453 2069 1491 2088; x_wconf 90' lang='lat' dir='ltr'>ac</span> 
     </span>
     <span class='ocr_line' id='line_1_36' title="bbox 156 2099 1494 2141; baseline 0.001 -11"><span class='ocrx_word' id='word_1_291' title='bbox 156 2099 216 2130; x_wconf 82' lang='lat' dir='ltr'>SC</span> <span class='ocrx_word' id='word_1_292' title='bbox 231 2099 303 2139; x_wconf 79' lang='lat' dir='ltr'>Gyr.</span> <span class='ocrx_word' id='word_1_293' title='bbox 326 2111 334 2130; x_wconf 85' lang='lat'>:</span> <span class='ocrx_word' id='word_1_294' title='bbox 362 2106 395 2131; x_wconf 92' lang='lat' dir='ltr'>et</span> <span class='ocrx_word' id='word_1_295' title='bbox 419 2111 457 2131; x_wconf 74' lang='grc' dir='ltr'>νυ</span> <span class='ocrx_word' id='word_1_296' title='bbox 516 2111 657 2140; x_wconf 84' lang='lat' dir='ltr'>segnem</span> <span class='ocrx_word' id='word_1_297' title='bbox 679 2101 797 2132; x_wconf 81' lang='lat' dir='ltr'>Jacob:</span> <span class='ocrx_word' id='word_1_298' title='bbox 827 2111 935 2140; x_wconf 82' lang='lat' dir='ltr'>segne</span> <span class='ocrx_word' id='word_1_299' title='bbox 961 2106 1013 2132; x_wconf 90' lang='lat' dir='ltr'>est</span> <span class='ocrx_word' id='word_1_300' title='bbox 1037 2102 1183 2132; x_wconf 70' lang='lat' dir='ltr'>traditur</span> <span class='ocrx_word' id='word_1_301' title='bbox 1203 2111 1243 2130; x_wconf 79' lang='lat' dir='ltr'>ex</span> <span class='ocrx_word' id='word_1_302' title='bbox 1267 2101 1340 2141; x_wconf 81' lang='lat' dir='ltr'>Gyr.</span> <span class='ocrx_word' id='word_1_303' title='bbox 1398 2102 1440 2132; x_wconf 87' lang='lat' dir='ltr'>In</span> <span class='ocrx_word' id='word_1_304' title='bbox 1464 2101 1494 2132; x_wconf 80' lang='lat' dir='ltr'><strong><em>S</em></strong></span> 
     </span>
     <span class='ocr_line' id='line_1_37' title="bbox 158 2144 1490 2184; baseline 0.003 -12"><span class='ocrx_word' id='word_1_305' title='bbox 158 2144 355 2173; x_wconf 80' lang='lat' dir='ltr'>uocabulum</span> <span class='ocrx_word' id='word_1_306' title='bbox 389 2144 491 2184; x_wconf 71' lang='lat' dir='ltr'>legere</span> <span class='ocrx_word' id='word_1_307' title='bbox 528 2156 595 2175; x_wconf 82' lang='lat' dir='ltr'>uon</span> <span class='ocrx_word' id='word_1_308' title='bbox 624 2145 727 2184; x_wconf 77' lang='lat' dir='ltr'>potui.</span> <span class='ocrx_word' id='word_1_309' title='bbox 777 2155 903 2184; x_wconf 81' lang='lat' dir='ltr'>segnes</span> <span class='ocrx_word' id='word_1_310' title='bbox 938 2145 1002 2175; x_wconf 81' lang='lat' dir='ltr'>Crv</span> <span class='ocrx_word' id='word_1_311' title='bbox 1146 2146 1211 2184; x_wconf 88' lang='grc'>256</span> <span class='ocrx_word' id='word_1_312' title='bbox 1240 2146 1285 2175; x_wconf 79' lang='lat' dir='ltr'>sic</span> <span class='ocrx_word' id='word_1_313' title='bbox 1317 2144 1391 2176; x_wconf 78' lang='lat' dir='ltr'>CSr</span> <span class='ocrx_word' id='word_1_314' title='bbox 1414 2146 1490 2176; x_wconf 82' lang='lat' dir='ltr'>Esc.</span> 
     </span>
     <span class='ocr_line' id='line_1_38' title="bbox 158 2186 1492 2228; baseline 0.002 -12"><span class='ocrx_word' id='word_1_315' title='bbox 158 2186 367 2226; x_wconf 88' lang='lat' dir='ltr'>Torquemus</span> <span class='ocrx_word' id='word_1_316' title='bbox 382 2187 412 2219; x_wconf 84' lang='lat' dir='ltr'><strong><em>S</em></strong></span> <span class='ocrx_word' id='word_1_317' title='bbox 427 2189 606 2227; x_wconf 80' lang='lat' dir='ltr'>m&#39;st&#39;sallor</span> <span class='ocrx_word' id='word_1_318' title='bbox 669 2189 703 2219; x_wconf 90' lang='lat' dir='ltr'>in</span> <span class='ocrx_word' id='word_1_319' title='bbox 721 2188 837 2228; x_wconf 85' lang='lat' dir='ltr'>primis</span> <span class='ocrx_word' id='word_1_320' title='bbox 853 2188 925 2219; x_wconf 87' lang='lat' dir='ltr'>Esc.</span> <span class='ocrx_word' id='word_1_321' title='bbox 994 2189 1203 2228; x_wconf 86' lang='lat' dir='ltr'>terimurque</span> <span class='ocrx_word' id='word_1_322' title='bbox 1221 2188 1293 2228; x_wconf 79' lang='lat' dir='ltr'>Gyr.</span> <span class='ocrx_word' id='word_1_323' title='bbox 1383 2199 1492 2228; x_wconf 83' lang='lat'><strong>257—9</strong></span> 
     </span>
     <span class='ocr_line' id='line_1_39' title="bbox 157 2229 1491 2272; baseline 0.003 -13"><span class='ocrx_word' id='word_1_324' title='bbox 157 2229 274 2260; x_wconf 79' lang='lat' dir='ltr'>codices</span> <span class='ocrx_word' id='word_1_325' title='bbox 311 2231 430 2261; x_wconf 80' lang='lat' dir='ltr'>habent</span> <span class='ocrx_word' id='word_1_326' title='bbox 462 2236 540 2272; x_wconf 77' lang='lat' dir='ltr'>post</span> <span class='ocrx_word' id='word_1_327' title='bbox 576 2242 639 2271; x_wconf 85' lang='lat'>277</span> <span class='ocrx_word' id='word_1_328' title='bbox 677 2232 756 2262; x_wconf 92' lang='lat' dir='ltr'>Non</span> <span class='ocrx_word' id='word_1_329' title='bbox 795 2232 909 2263; x_wconf 86' lang='lat' dir='ltr'>subito</span> <span class='ocrx_word' id='word_1_330' title='bbox 948 2233 1074 2263; x_wconf 87' lang='lat' dir='ltr'>callere</span> <span class='ocrx_word' id='word_1_331' title='bbox 1113 2243 1209 2271; x_wconf 79' lang='lat' dir='ltr'>sono,</span> <span class='ocrx_word' id='word_1_332' title='bbox 1247 2243 1314 2263; x_wconf 87' lang='lat' dir='ltr'>non</span> <span class='ocrx_word' id='word_1_333' title='bbox 1349 2236 1491 2263; x_wconf 81' lang='lat' dir='ltr'>credere</span> 
     </span>
     <span class='ocr_line' id='line_1_40' title="bbox 159 2273 1488 2317; baseline 0.002 -13"><span class='ocrx_word' id='word_1_334' title='bbox 159 2273 286 2305; x_wconf 82' lang='lat' dir='ltr'>subter.</span> <span class='ocrx_word' id='word_1_335' title='bbox 345 2274 426 2305; x_wconf 85' lang='lat' dir='ltr'>Huc</span> <span class='ocrx_word' id='word_1_336' title='bbox 454 2277 594 2306; x_wconf 82' lang='lat' dir='ltr'>reuocati</span> <span class='ocrx_word' id='word_1_337' title='bbox 622 2279 702 2306; x_wconf 79' lang='lat' dir='ltr'>sunl</span> <span class='ocrx_word' id='word_1_338' title='bbox 731 2276 858 2306; x_wconf 78' lang='lat' dir='ltr'>iubente</span> <span class='ocrx_word' id='word_1_339' title='bbox 892 2274 1058 2317; x_wconf 65' lang='lat' dir='ltr'>Scaltgero</span> <span class='ocrx_word' id='word_1_340' title='bbox 1088 2280 1126 2315; x_wconf 80' lang='lat' dir='ltr'>et,</span> <span class='ocrx_word' id='word_1_341' title='bbox 1161 2281 1197 2306; x_wconf 83' lang='lat' dir='ltr'>ut</span> <span class='ocrx_word' id='word_1_342' title='bbox 1227 2276 1379 2315; x_wconf 69' lang='lat' dir='ltr'>traditur,</span> <span class='ocrx_word' id='word_1_343' title='bbox 1413 2276 1488 2315; x_wconf 87' lang='lat' dir='ltr'>Gyr.</span> 
     </span>
     <span class='ocr_line' id='line_1_41' title="bbox 160 2317 1488 2360; baseline 0.005 -14"><span class='ocrx_word' id='word_1_344' title='bbox 160 2318 288 2355; x_wconf 84' lang='lat'><strong>256-62</strong></span> <span class='ocrx_word' id='word_1_345' title='bbox 307 2317 366 2348; x_wconf 75' lang='lat' dir='ltr'>ltoc</span> <span class='ocrx_word' id='word_1_346' title='bbox 386 2319 498 2348; x_wconf 75' lang='lat' dir='ltr'>ordine</span> <span class='ocrx_word' id='word_1_347' title='bbox 514 2330 547 2349; x_wconf 78' lang='lat' dir='ltr'>se</span> <span class='ocrx_word' id='word_1_348' title='bbox 566 2320 729 2360; x_wconf 80' lang='lat' dir='ltr'>excipiunt</span> <span class='ocrx_word' id='word_1_349' title='bbox 750 2320 785 2349; x_wconf 83' lang='lat' dir='ltr'>in</span> <span class='ocrx_word' id='word_1_350' title='bbox 807 2319 878 2351; x_wconf 84' lang='lat' dir='ltr'>Esc.</span> <span class='ocrx_word' id='word_1_351' title='bbox 901 2319 1112 2359; x_wconf 87' lang='lat' dir='ltr'>Torquemur</span> <span class='ocrx_word' id='word_1_352' title='bbox 1135 2344 1142 2351; x_wconf 92' lang='lat'>.</span> <span class='ocrx_word' id='word_1_353' title='bbox 1171 2344 1179 2352; x_wconf 91' lang='lat'><strong>.</strong></span> <span class='ocrx_word' id='word_1_354' title='bbox 1206 2344 1214 2352; x_wconf 93' lang='lat'><strong>.</strong></span> <span class='ocrx_word' id='word_1_355' title='bbox 1243 2320 1284 2350; x_wconf 83' lang='lat' dir='ltr'>Et</span> <span class='ocrx_word' id='word_1_356' title='bbox 1307 2330 1386 2351; x_wconf 83' lang='lat' dir='ltr'>sese</span> <span class='ocrx_word' id='word_1_357' title='bbox 1410 2345 1418 2352; x_wconf 86' lang='lat'>.</span> <span class='ocrx_word' id='word_1_358' title='bbox 1445 2345 1452 2352; x_wconf 93' lang='lat'>.</span> <span class='ocrx_word' id='word_1_359' title='bbox 1481 2344 1488 2351; x_wconf 90' lang='lat'><strong><em>.</em></strong></span> 
     </span>
    </p>
   </div>
   <div class='ocr_carea' id='block_1_7' title="bbox 158 2360 1492 2522">
    <p class='ocr_par' dir='ltr' id='par_1_19' title="bbox 159 2360 1488 2402">
     <span class='ocr_line' id='line_1_42' title="bbox 159 2360 1488 2402; baseline 0.003 -12"><span class='ocrx_word' id='word_1_360' title='bbox 159 2360 274 2399; x_wconf 83' lang='lat' dir='ltr'>Turpe</span> <span class='ocrx_word' id='word_1_361' title='bbox 290 2361 394 2392; x_wconf 87' lang='lat' dir='ltr'>silent</span> <span class='ocrx_word' id='word_1_362' title='bbox 410 2368 501 2393; x_wconf 90' lang='lat' dir='ltr'>artes</span> <span class='ocrx_word' id='word_1_363' title='bbox 519 2362 605 2394; x_wconf 84' lang='lat' dir='ltr'>uiles</span> <span class='ocrx_word' id='word_1_364' title='bbox 622 2364 641 2393; x_wconf 91' lang='lat' dir='ltr'>i.</span> <span class='ocrx_word' id='word_1_365' title='bbox 656 2373 680 2394; x_wconf 88' lang='lat' dir='ltr'>r.</span> <span class='ocrx_word' id='word_1_366' title='bbox 697 2387 705 2394; x_wconf 91' lang='lat'>.</span> <span class='ocrx_word' id='word_1_367' title='bbox 723 2387 730 2394; x_wconf 91' lang='lat'><strong>.</strong></span> <span class='ocrx_word' id='word_1_368' title='bbox 746 2387 753 2395; x_wconf 90' lang='lat'><strong><em>.</em></strong></span> <span class='ocrx_word' id='word_1_369' title='bbox 769 2363 987 2402; x_wconf 86' lang='lat' dir='ltr'>Torquentur</span> <span class='ocrx_word' id='word_1_370' title='bbox 1004 2364 1134 2393; x_wconf 76' lang='lat' dir='ltr'>flamma</span> <span class='ocrx_word' id='word_1_371' title='bbox 1147 2388 1155 2395; x_wconf 89' lang='lat'><strong>.</strong></span> <span class='ocrx_word' id='word_1_372' title='bbox 1171 2388 1178 2395; x_wconf 89' lang='lat'><strong>.</strong></span> <span class='ocrx_word' id='word_1_373' title='bbox 1195 2388 1202 2396; x_wconf 90' lang='lat'><strong>.</strong></span> <span class='ocrx_word' id='word_1_374' title='bbox 1220 2364 1419 2394; x_wconf 85' lang='lat' dir='ltr'>Scrutamur</span> <span class='ocrx_word' id='word_1_375' title='bbox 1432 2388 1439 2395; x_wconf 90' lang='lat'><strong>.</strong></span> <span class='ocrx_word' id='word_1_376' title='bbox 1457 2388 1464 2395; x_wconf 94' lang='lat'><strong>.</strong></span> <span class='ocrx_word' id='word_1_377' title='bbox 1481 2388 1488 2394; x_wconf 90' lang='lat'><strong>.</strong></span> 
     </span>
    </p>

    <p class='ocr_par' dir='ltr' id='par_1_20' title="bbox 161 2403 1492 2447">
     <span class='ocr_line' id='line_1_43' title="bbox 161 2403 1492 2447; baseline 0.003 -13"><span class='ocrx_word' id='word_1_378' title='bbox 161 2403 286 2434; x_wconf 87' lang='lat' dir='ltr'>Semen</span> <span class='ocrx_word' id='word_1_379' title='bbox 307 2410 343 2435; x_wconf 87' lang='lat' dir='ltr'>ut</span> <span class='ocrx_word' id='word_1_380' title='bbox 363 2405 493 2444; x_wconf 85' lang='lat' dir='ltr'>argenti</span> <span class='ocrx_word' id='word_1_381' title='bbox 516 2412 677 2445; x_wconf 85' lang='lat' dir='ltr'>queratur</span> <span class='ocrx_word' id='word_1_382' title='bbox 695 2412 728 2437; x_wconf 90' lang='lat' dir='ltr'>et</span> <span class='ocrx_word' id='word_1_383' title='bbox 752 2417 855 2437; x_wconf 86' lang='lat' dir='ltr'>aurea</span> <span class='ocrx_word' id='word_1_384' title='bbox 871 2417 959 2437; x_wconf 86' lang='lat' dir='ltr'>uena</span> <span class='ocrx_word' id='word_1_385' title='bbox 980 2408 1052 2447; x_wconf 43' lang='lat' dir='ltr'>(sicxi</span> <span class='ocrx_word' id='word_1_386' title='bbox 1072 2432 1078 2438; x_wconf 90' lang='lat'>.</span> <span class='ocrx_word' id='word_1_387' title='bbox 1099 2431 1106 2438; x_wconf 88' lang='lat'><strong>.</strong></span> <span class='ocrx_word' id='word_1_388' title='bbox 1127 2431 1134 2438; x_wconf 90' lang='lat'><strong>.</strong></span> <span class='ocrx_word' id='word_1_389' title='bbox 1157 2407 1284 2438; x_wconf 87' lang='lat' dir='ltr'>Noctes</span> <span class='ocrx_word' id='word_1_390' title='bbox 1300 2412 1402 2446; x_wconf 82' lang='lat' dir='ltr'>atque</span> <span class='ocrx_word' id='word_1_391' title='bbox 1419 2407 1492 2437; x_wconf 86' lang='lat' dir='ltr'>dies</span> 
     </span>
    </p>

    <p class='ocr_par' dir='ltr' id='par_1_21' title="bbox 158 2447 1491 2522">
     <span class='ocr_line' id='line_1_44' title="bbox 158 2447 1491 2521; baseline 0.002 -44"><span class='ocrx_word' id='word_1_392' title='bbox 158 2447 325 2521; x_wconf 40' lang='lat' dir='ltr'>{estinant</span> <span class='ocrx_word' id='word_1_393' title='bbox 357 2459 437 2479; x_wconf 82' lang='lat' dir='ltr'>arua</span> <span class='ocrx_word' id='word_1_394' title='bbox 467 2449 581 2480; x_wconf 90' lang='lat' dir='ltr'>coloni</span> <span class='ocrx_word' id='word_1_395' title='bbox 715 2460 777 2490; x_wconf 91' lang='grc'>257</span> <span class='ocrx_word' id='word_1_396' title='bbox 809 2452 997 2481; x_wconf 89' lang='lat' dir='ltr'>euerrimus</span> <span class='ocrx_word' id='word_1_397' title='bbox 1028 2450 1193 2481; x_wconf 75' lang='lat' dir='ltr'>Schrader</span> <span class='ocrx_word' id='word_1_398' title='bbox 1220 2455 1248 2481; x_wconf 81' lang='lat' dir='ltr'>ct</span> <span class='ocrx_word' id='word_1_399' title='bbox 1275 2462 1320 2481; x_wconf 79' lang='lat' dir='ltr'>szc</span> <span class='ocrx_word' id='word_1_400' title='bbox 1347 2455 1491 2492; x_wconf 74' lang='lat' dir='ltr'>excerpta</span> 
     </span>
     <span class='ocr_line' id='line_1_45' title="bbox 190 2492 340 2522; baseline 0.007 -1"><span class='ocrx_word' id='word_1_401' title='bbox 190 2492 214 2521; x_wconf 80' lang='lat' dir='ltr'>it</span> <span class='ocrx_word' id='word_1_402' title='bbox 227 2502 340 2522; x_wconf 77' lang='lat' dir='ltr'>meana</span> 
     </span>
    </p>
   </div>
   <div class='ocr_carea' id='block_1_8' title="bbox 419 2533 1235 2570">
    <p class='ocr_par' dir='ltr' id='par_1_22' title="bbox 419 2533 1235 2570">
     <span class='ocr_line' id='line_1_46' title="bbox 419 2533 1235 2570; baseline 0.005 -9"><span class='ocrx_word' id='word_1_403' title='bbox 419 2533 428 2551; x_wconf 88' lang='lat'>¹</span> <span class='ocrx_word' id='word_1_404' title='bbox 447 2536 529 2562; x_wconf 77' lang='lat' dir='ltr'><em>Idem</em></span> <span class='ocrx_word' id='word_1_405' title='bbox 539 2536 653 2570; x_wconf 64' lang='lat' dir='ltr'>placuit</span> <span class='ocrx_word' id='word_1_406' title='bbox 666 2537 824 2570; x_wconf 72' lang='lat' dir='ltr'>Alzz’ngcro</span> <span class='ocrx_word' id='word_1_407' title='bbox 837 2537 919 2563; x_wconf 62' lang='lat' dir='ltr'>Nem·</span> <span class='ocrx_word' id='word_1_408' title='bbox 927 2537 1032 2568; x_wconf 59' lang='lat' dir='ltr'>Jahrb.</span> <span class='ocrx_word' id='word_1_409' title='bbox 1049 2538 1120 2570; x_wconf 63' lang='lat'>1396,</span> <span class='ocrx_word' id='word_1_410' title='bbox 1132 2540 1163 2570; x_wconf 63' lang='lat' dir='ltr'>p.</span> <span class='ocrx_word' id='word_1_411' title='bbox 1178 2539 1235 2570; x_wconf 82' lang='lat'><strong>856.</strong></span> 
     </span>
    </p>
   </div>
   <div class='ocr_carea' id='block_1_9' title="bbox 798 2584 1383 2622">
    <p class='ocr_par' dir='ltr' id='par_1_23' title="bbox 798 2584 1383 2622">
     <span class='ocr_line' id='line_1_47' title="bbox 798 2584 1383 2622; baseline 0.002 -1"><span class='ocrx_word' id='word_1_412' title='bbox 798 2585 846 2622; x_wconf 84' lang='lat'>33</span> <span class='ocrx_word' id='word_1_413' title='bbox 1355 2584 1383 2610; x_wconf 81' lang='lat' dir='ltr'>D</span> 
     </span>
    </p>
   </div>
  </div>
 </body>
</html>
