1783 2876
727 209 879 246 AETN
883 209 920 246 A

161 319 247 358 Illic
277 318 461 357 materiae
490 317 688 356 nascentis
717 317 833 368 copia
862 317 995 356 maior.
1429 333 1493 366 425

159 385 237 423 Sed
265 397 388 434 genus
418 385 494 422 hoc
524 383 665 434 lapidis
695 382 929 433 (certissima
958 382 1068 432 signa
1098 383 1257 434 coloris)

159 450 280 498 Quod
309 450 435 487 nullas
464 448 643 487 adiunxit
672 461 779 499 opes,
810 447 979 498 elanguit
1009 447 1118 498 ignis.

158 513 312 552 Dicitur
341 513 492 552 insidiis
522 515 698 564 flagrasse
726 514 900 552 Aenaria
928 513 1144 563 quondam,

156 579 276 617 Nunc
305 577 477 617 extincta
504 579 597 617 diu:
635 584 886 629 superestque
917 577 1116 628 Neapolin
1146 577 1246 617 inter

158 644 208 681 Et
238 644 386 683 Cumas
416 645 538 691 locus,
571 657 623 682 ex
652 643 785 682 multis
816 643 892 682 iam
924 643 1086 693 frigidus
1114 643 1240 690 annis,
1430 660 1494 691 430

157 707 352 757 Quamuis
381 716 586 747 aeternum
616 706 759 758 pingui
784 715 907 746 scatet
936 708 1057 746 ubere
1087 709 1261 757 sulphur.

158 774 204 811 In
235 786 407 811 mercem
436 772 585 823 legitur,
617 781 729 811 tanto
758 780 817 811 est
845 772 1054 811 fecundius
1083 774 1225 811 Aetna.

157 840 292 876 Insula
321 838 385 877 cui
415 851 563 877 nomen
593 837 712 876 facies
741 837 853 876 dedit
883 837 967 888 ipsa
998 839 1199 884 Rotunda,

156 905 350 953 Sulphure
379 917 461 942 non
490 905 619 942 solum
650 916 724 941 nec
754 903 877 942 obesa
906 902 1101 941 bitumine
1130 911 1231 942 terra
1259 912 1341 942 est:

155 969 207 1006 Et
236 968 333 1019 lapis
363 968 516 1007 adiutat
543 968 780 1019 generandis
810 967 966 1019 ignibus
995 976 1121 1018 aptus.
1430 985 1494 1017 435

155 1034 233 1072 Sed
263 1047 350 1072 raro
380 1035 516 1081 fumat,
548 1033 616 1084 qui
647 1033 722 1080 uix,
756 1033 788 1072 si
816 1033 1058 1081 accenditur,
1089 1035 1225 1082 ardet,-

156 1100 204 1137 In
235 1099 356 1138 breue
386 1100 571 1137 mortales
602 1100 782 1137 flammas
811 1100 922 1149 quod
951 1098 1067 1148 copia
1095 1099 1227 1137 nutrit.

156 1165 294 1203 Insula
323 1166 438 1203 durat
467 1166 591 1203 adhuc
616 1162 787 1202 Vulcani
817 1164 981 1203 nomine
1010 1177 1143 1212 sacra3

154 1231 248 1268 Pars
279 1238 412 1269 tamen
443 1229 605 1269 incendi
635 1230 761 1269 maior
789 1229 950 1277 refrixit,
982 1238 1020 1268 et
1047 1231 1130 1269 alto

156 1296 326 1334 Iactatas
353 1294 491 1345 recipit
520 1297 665 1334 classes
694 1302 891 1345 portuque
920 1303 1061 1334 tuetur.
1429 1314 1494 1344 440

155 1362 270 1410 Quae
299 1368 428 1408 restat,
460 1360 590 1399 minor
618 1368 657 1399 et
687 1360 800 1399 diues
830 1360 923 1399 satis
952 1361 1074 1399 ubere
1103 1369 1203 1399 terra
1231 1369 1301 1408 est,

156 1427 233 1465 Sed
263 1439 345 1464 non
374 1428 553 1464 Aetnaeo
580 1425 683 1464 uires
713 1439 816 1476 quae
844 1426 1021 1464 conferat
1050 1425 1115 1464 illi.

154 1493 288 1541 Atque
317 1492 415 1529 haec
445 1490 530 1541 ipsa
559 1498 692 1529 tamen
722 1490 800 1528 iam
830 1491 1035 1540 quondam
1066 1490 1256 1529 exstincta
1285 1491 1433 1539 fuisset,

154 1577 269 1608 Cerne
286 1578 380 1609 locos
397 1578 498 1609 etiam
515 1577 655 1616 similes,
669 1577 799 1609 adsiste
815 1577 972 1609 cauernis
984 1577 1147 1618 Alzt'nger
1233 1588 1296 1617 425
1322 1579 1494 1618 pascentis

153 1621 320 1653 Schrader
494 1623 560 1661 426
583 1622 714 1652 colonis
730 1632 750 1652 v
914 1631 977 1660 427
1002 1621 1156 1660 elanguit
1173 1621 1268 1652 Iacob
1286 1633 1293 1652 t
1316 1627 1350 1653 et
1365 1621 1496 1660 languit

157 1665 221 1696 Crv
421 1665 487 1704 428
527 1665 679 1696 Discitur
704 1665 743 1695 de
769 1664 863 1705 Rooy
995 1665 1132 1696 indiciis
1162 1665 1200 1695 de
1224 1665 1385 1696 Serionne
1412 1667 1497 1705 1736

154 1709 317 1748 flagrasse
345 1707 525 1749 Wesseling
545 1708 593 1740 ad
612 1709 777 1740 Antonin.
803 1709 954 1740 Itinerar.
978 1714 1010 1750 p.
1038 1718 1129 1748 515:
1163 1709 1310 1748 flagrans
1337 1709 1400 1740 Ctv
1428 1711 1491 1741 Ar.

155 1763 280 1783 enarea
306 1751 353 1783 C:
392 1763 435 1783 en
463 1763 543 1783 aera
569 1764 610 1783 r:
644 1752 784 1783 enearia
808 1763 828 1783 v
994 1763 1059 1792 429
1093 1753 1191 1783 Nunc
1218 1753 1369 1783 extincta
1395 1762 1497 1793 super

155 1797 321 1835 testisque
340 1797 526 1836 (tectisque
553 1797 585 1836 r)
607 1796 659 1836 Cr,
679 1795 770 1836 quod
782 1799 888 1837 potest
906 1796 953 1827 sic
971 1797 1132 1837 ewzplicari
1156 1797 1308 1827 extincta
1331 1807 1437 1836 super
1460 1802 1498 1827 ut

153 1840 358 1880 st'gmficelur
382 1840 534 1870 Aenaria
569 1844 670 1879 super
696 1841 852 1870 extinctos
881 1840 974 1880 ignes
1003 1840 1204 1880 superfia'em
1240 1840 1362 1871 liabens
1392 1840 1498 1871 herbis

154 1884 389 1922 arboribusque
403 1888 586 1915 contectam.
629 1883 790 1924 Excerpta
801 1883 985 1914 Pztlzoeana
1001 1883 1120 1915 liabent
1138 1884 1359 1925 6Εοννιζξῐίιινε
1383 1885 1494 1915 exstin

155 1937 259 1967 super
270 1927 436 1966 testisque
449 1933 523 1958 cta:
545 1927 836 1967 testis-superque
850 1926 1045 1967 Neapolin,’
1057 1938 1122 1968 quo
1133 1928 1354 1966 confirmatm
1363 1927 1399 1957 id
1409 1928 1499 1968 quod

155 1971 234 2001 olzm
257 1981 296 2001 ex
318 1971 497 2001 coniectura
515 1971 617 2012 posui
639 1971 738 2002 Nunc
762 1971 935 2002 exstincta
953 1970 1054 2012 [diu],
1074 1976 1301 2010 superestque
1326 1971 1493 2011 Neapolin

155 2015 254 2051 inter,
281 2025 358 2045 cum
386 2014 499 2045 eadem
527 2018 671 2055 excerpta
701 2015 842 2045 habeant
866 2015 1025 2055 scriptum
1052 2015 1087 2044 in
1113 2016 1264 2055 matgine
1287 2025 1404 2045 uersus
1431 2016 1495 2053 428

156 2062 313 2098 superest
491 2069 556 2099 430
571 2068 615 2089 ex
630 2059 744 2099 scripsi
759 2069 766 2089 z
789 2064 824 2089 et
842 2058 888 2089 Cv
903 2069 910 2089 ε
934 2069 998 2089 om.
1017 2070 1037 2089 r
1049 2059 1112 2089 Ar.
1293 2068 1353 2097 431
1373 2060 1499 2089 correxi

153 2102 304 2140 Journal
315 2102 357 2141 os
367 2102 551 2143 Philology,
569 2102 632 2134 HI.
648 2108 682 2143 p.
702 2104 777 2142 276,
797 2103 884 2132 anni
901 2103 980 2141 1871
1073 2103 1274 2141 pinguescat
1290 2102 1431 2132 etubere
1451 2101 1495 2133 C:

157 2145 358 2185 pinguescat
374 2156 418 2176 ex
436 2147 542 2178 ubere
561 2156 579 2176 r
590 2147 653 2177 Ar.
676 2157 683 2177 :
707 2147 835 2186 pingue
851 2150 961 2177 scatet
977 2146 1119 2176 malebat
1132 2145 1295 2176 Sudhaus
1430 2155 1494 2184 432

156 2189 214 2219 lzoc
229 2199 325 2219 uersu
340 2189 461 2220 desinit
473 2201 494 2221 v
583 2190 761 2220 fecundior
774 2190 888 2220 Aetna
902 2189 1024 2220 Ulitius
1180 2199 1243 2228 434
1267 2189 1431 2219 bitumine
1450 2189 1494 2220 C:

156 2233 313 2264 acumine
330 2233 426 2264 rAr.
516 2243 580 2273 435
598 2233 702 2275 lapsis
721 2233 750 2264 C
813 2233 855 2264 ad
872 2234 956 2264 iutat
975 2233 1003 2264 C
1088 2233 1152 2272 436
1168 2233 1225 2271 qui
1244 2232 1347 2263 CAr.
1369 2243 1377 2262 t
1404 2237 1438 2263 et
1456 2244 1494 2263 r:

155 2276 236 2314 quin
250 2275 329 2307 Itali
414 2287 476 2316 437
502 2277 653 2308 flammas
671 2289 690 2307 r
797 2278 861 2317 438
886 2278 1004 2307 durata
1019 2276 1084 2307 Cr:
1109 2277 1207 2306 durat
1223 2276 1336 2307 adhuc
1349 2275 1497 2316 Scaliger

155 2319 321 2350 Therasia
338 2324 391 2351 est
407 2320 503 2350 Iacob
519 2332 527 2351 z
550 2321 676 2352 clarata
693 2326 745 2352 est
760 2320 882 2362 Haupt
898 2333 905 2352 :
929 2322 1090 2352 adoratur
1106 2319 1259 2359 Postgate
1430 2329 1495 2360 439

156 2363 282 2393 maiore
297 2362 390 2394 frixit
408 2363 455 2395 C:
479 2364 586 2395 maior
603 2364 735 2395 refrixit
752 2375 771 2395 r
932 2375 997 2404 440
1023 2364 1147 2394 laetata
1166 2363 1212 2393 C:
1237 2363 1436 2394 Iactactatas
1454 2375 1472 2393 r
1487 2374 1493 2393 :

156 2406 302 2437 Iactatas
319 2407 382 2438 Ar.
519 2418 583 2447 442
607 2408 745 2439 aethnei
765 2407 811 2438 Cr
824 2408 886 2440 Ar.
991 2418 1078 2447 quae
1096 2406 1213 2438 CrAr.
1307 2407 1351 2437 illi
1373 2406 1488 2437 CrAr.

158 2450 227 2480 Sed
245 2460 276 2480 n.
289 2449 433 2481 Aetneis
450 2450 541 2482 uires
556 2462 645 2491 quae
668 2452 756 2483 conf.
776 2452 841 2482 illis
857 2451 906 2482 ed.
919 2452 1030 2482 Paris.
1047 2460 1139 2490 1507,
1160 2450 1286 2482 Munro
1301 2462 1308 2481 :
1329 2451 1398 2482 Sed
1420 2460 1491 2488 non

156 2493 314 2525 Aetnaeo
331 2504 364 2525 u.
381 2504 468 2533 quae
486 2505 515 2526 c.
533 2495 603 2534 igni
619 2495 743 2537 Haupt
874 2505 937 2535 443
962 2495 1115 2526 extincta
1133 2493 1161 2525 C

798 2562 847 2600 53
