1783 2876
753 208 947 246 AETNA

186 318 444 356 Horrendum
474 329 618 366 magno
648 324 854 366 quaterent
883 316 958 354 sub
988 317 1164 366 pondere
1193 317 1354 363 fulmen,

184 384 473 431 Armarentque
504 382 670 419 Iouem:
709 388 822 431 turpe
851 388 910 419 est
939 380 1024 419 sine
1053 381 1212 431 pignere
1242 394 1411 420 carmen.
1476 397 1519 428 40

239 446 422 485 Proxima
450 444 610 483 uiuaces
641 444 810 484 Aetnaei
839 444 996 484 uerticis
1026 445 1136 495 ignes

186 511 315 562 Impia
343 509 526 549 sollicitat
554 510 783 560 Phlegraeis
812 510 945 548 fabula
974 510 1120 549 castris.

183 578 449 626 Temptauere
479 574 624 626 (nefas)
654 575 749 613 olim
779 576 989 614 detrudere
1019 576 1172 614 mundo

184 641 332 688 Sidera,
363 640 590 691 captiuique
621 640 730 679 Iouis
760 641 967 680 transferre
995 640 1171 691 gigantes

185 705 413 756 Imperium,
446 713 484 744 et
513 705 620 744 uicto
650 707 755 755 leges
784 705 976 756 inponere
1005 707 1128 744 caelo.
1477 723 1518 753 45

186 771 262 809 His
292 779 431 809 natura
460 783 531 808 sua
561 777 619 809 est
647 772 740 809 aluo
770 778 911 809 tenus:
951 770 1030 808 ima
1059 784 1128 821 per
1157 770 1272 809 orbes

185 837 405 886 Squameus
426 834 592 873 intortos
623 834 753 873 sinuat
782 835 949 886 uestigia
977 848 1148 886 serpens.

186 900 436 943 Construitur
465 899 616 951 magnis
646 901 698 939 ad
727 900 876 951 proelia
904 900 1108 939 montibus
1137 914 1277 951 agger:

186 965 323 1004 Pelion
353 965 456 1004 Ossa
477 972 630 1014 grauat,
662 978 841 1004 summus
871 965 1014 1016 premit
1043 966 1174 1005 Ossan
1205 967 1409 1016 Olympus,

186 1032 271 1069 Iam
292 1038 544 1069 coaceruatas
573 1030 751 1069 nituntur
780 1032 970 1070 scandere
1000 1032 1136 1078 moles,
1480 1049 1522 1079 50

186 1095 338 1146 Impius
368 1103 406 1134 et
436 1095 548 1134 miles
578 1095 795 1134 metuentia
823 1095 1047 1135 comminus
1077 1104 1180 1135 astra

186 1163 393 1208 Prouocat,
424 1159 589 1199 infestus
619 1169 784 1200 cunctos
814 1162 865 1200 ad
894 1161 1042 1212 proelia
1070 1161 1186 1200 diuos

186 1228 382 1264 Prouocat
410 1225 582 1264 admotis
600 1232 672 1275 per
701 1225 842 1264 inertia
870 1225 999 1265 sidera
1028 1225 1158 1276 signis.

187 1290 364 1341 Iuppiter
393 1304 414 1329 e
443 1292 554 1329 caelo
584 1290 725 1329 metuit
754 1292 1014 1341 dextramque
1043 1304 1250 1330 coruscam

185 1358 372 1394 Armatus
402 1357 563 1394 flamma
591 1362 771 1394 remouet
801 1355 967 1406 caligine
997 1357 1204 1395 mundum.
1482 1374 1520 1405 55

188 1423 396 1460 Incursant
425 1427 539 1458 uasto
568 1420 740 1470 primum
770 1422 942 1459 clamore
971 1420 1158 1470 gigantes,

187 1486 267 1525 Hic
298 1499 441 1535 magno
471 1493 582 1524 tonat
612 1499 678 1524 ore
708 1493 828 1536 pater,
860 1485 1145 1536 geminantque
1174 1487 1354 1524 fauentes

185 1551 373 1602 Vndique
402 1550 582 1590 discordi
605 1550 779 1589 sonitum
808 1550 925 1589 simul
954 1550 1111 1601 agmine
1140 1550 1260 1589 uenti.

228 1694 271 1724 39
303 1683 432 1714 fulmen
465 1695 522 1715 rv:
567 1684 693 1714 flumen
728 1683 783 1715 CS
960 1694 1003 1723 40
1042 1688 1094 1715 est
1131 1683 1248 1715 CSrv:
1287 1688 1322 1714 et
1358 1685 1393 1715 F.
1428 1685 1524 1716 Iacob

858 1735 875 1752 a

186 1762 329 1801 pignere
346 1772 387 1792 v:
412 1762 554 1801 pignore
573 1761 628 1793 CS
738 1771 777 1800 41
805 1761 942 1792 uiuoces
961 1760 989 1791 C
1089 1771 1131 1800 42
1155 1762 1312 1800 ssegraeis
1331 1761 1386 1792 CS
1481 1773 1522 1801 45

185 1806 359 1844 imponere
389 1805 419 1836 S
575 1807 618 1844 46
651 1815 731 1835 suos
757 1815 778 1836 v
941 1815 981 1844 47
1017 1805 1162 1835 intortos
1191 1816 1229 1836 v:
1270 1805 1415 1837 intortas
1448 1806 1521 1838 CS:

184 1849 330 1880 intortus
346 1860 365 1879 r
486 1850 528 1887 48
552 1848 787 1879 CostruiturS
915 1859 958 1888 49
982 1848 1183 1880 Peloniossa
1200 1849 1249 1880 C:
1274 1849 1462 1880 Pelonossa
1477 1850 1522 1881 S:

187 1892 328 1923 Pelleon
345 1902 424 1923 ossa
440 1902 461 1923 v
571 1897 663 1923 creat
681 1892 795 1924 CSrv:
827 1897 946 1931 grauat
961 1892 1056 1922 Iacob
1210 1903 1252 1932 50
1275 1893 1368 1923 Ante
1388 1904 1522 1925 coacer-

186 1942 283 1968 uatas
302 1947 422 1967 rasura
445 1939 492 1967 est
513 1937 546 1967 in
570 1936 600 1968 S
767 1945 809 1975 52
833 1940 1009 1975 tamquam
1028 1936 1195 1977 glossema
1215 1936 1336 1967 delebat
1353 1936 1526 1979 Snringar

907 1979 925 2005 d

186 2022 228 2052 53
252 2024 316 2044 om.
344 2024 364 2044 v
478 2014 693 2053 admotisque
711 2013 811 2044 tertia
830 2012 873 2044 C:
902 2013 1093 2053 amotisque
1109 2011 1171 2044 {tia
1188 2013 1241 2044 S:
1263 2024 1296 2043 m
1314 2025 1332 2043 r
1348 2024 1464 2045 uersus
1479 2015 1523 2045 sic

185 2058 324 2097 scriptus
361 2061 408 2088 est
444 2057 613 2088 Prouocat
637 2082 644 2089 .
672 2081 679 2088 .
707 2082 715 2089 .
742 2058 784 2088 ad
825 2061 936 2087 motus
960 2081 967 2088 .
994 2081 1002 2088 .
1030 2081 1037 2088 .
1064 2057 1196 2087 omism's
1233 2068 1319 2096 quae
1348 2062 1522 2088 secuntur:

186 2100 333 2131 admotis
360 2111 427 2140 qua
452 2101 552 2132 tertia
583 2102 697 2132 sidera
724 2101 833 2139 signis
863 2100 1058 2131 Bormans:
1095 2101 1241 2131 admotis
1272 2101 1315 2131 ad
1348 2102 1466 2132 territa
1491 2112 1518 2132 s.

186 2144 292 2183 signis
315 2144 439 2185 Haupt
455 2145 513 2184 (ad
536 2146 654 2176 territa
675 2145 745 2175 iam
766 2144 980 2185 PVassenberg
1000 2149 1054 2184 ap.
1072 2143 1257 2184 Suringar)
1275 2155 1282 2174 z
1309 2145 1522 2185 admotisque

187 2188 366 2219 trementia
393 2198 420 2219 s.
447 2198 474 2220 s.
508 2187 646 2229 Mmzro,
675 2187 766 2228 quod
790 2188 875 2218 idem
907 2189 1079 2218 coniezerat
1102 2187 1219 2219 Borm.
1250 2188 1522 2229 repudiaratquc:

186 2231 398 2270 admotisque
434 2232 512 2263 terit
544 2232 610 2263 iam
641 2242 667 2264 s.
688 2242 715 2264 s.
746 2231 936 2262 Sudhaus:
980 2232 1125 2262 admotis
1159 2241 1222 2271 per
1256 2232 1379 2263 inertia
1410 2233 1527 2273 scripsi

187 2283 227 2313 55
246 2275 416 2306 flammare
434 2281 548 2306 mouet
564 2275 594 2306 S
746 2285 786 2314 57
814 2275 906 2306 Hinc
922 2274 1071 2315 Scalzgcr
1170 2275 1413 2315 geminamque
1431 2276 1523 2307 CSrv

187 2317 325 2348 fauente
357 2318 557 2359 Wernsdorf
578 2330 617 2350 ex
644 2318 787 2350 Helmst.
822 2319 879 2349 ubi
905 2323 952 2349 est
975 2319 1113 2350 souente
1280 2321 1323 2358 58
1347 2320 1522 2351 discordes

187 2361 346 2392 comitum
377 2361 477 2393 simul
507 2363 642 2402 agmine
673 2362 788 2394 codd.:
831 2362 978 2393 discordi
1009 2362 1178 2393 fremitum
1209 2372 1236 2394 s.
1261 2373 1291 2394 a.
1322 2361 1521 2403 Wakefield:

186 2405 335 2436 discordi
365 2406 516 2437 sonitum
551 2416 622 2438 s.a.
648 2406 744 2438 Iacob
773 2405 895 2446 Haupt
917 2406 1068 2437 Munro:
1095 2407 1176 2444 fort.
1206 2417 1238 2446 g.
1266 2406 1403 2438 fauente
1431 2407 1518 2437 Vnd.

186 2448 361 2479 discordes
377 2450 533 2480 comitum
549 2450 649 2481 simul
666 2451 800 2490 agmine
818 2450 923 2481 uenti.
971 2450 1195 2489 Namsauent
1209 2450 1365 2481 comitum
1382 2451 1521 2492 agmina

187 2491 388 2533 (ἀκολούθων
405 2492 501 2533 ὄχλοι
517 2492 597 2526 Luc.
616 2494 749 2535 thrin.
768 2494 821 2533 13)

843 2560 863 2598 7
