1783 2876
708 217 859 254 AETN
865 218 902 254 A

194 325 316 374 Quod
346 323 378 362 si
406 324 505 362 forte
535 323 631 362 mihi
661 326 858 374 quaedam
889 325 1088 364 discordia
1117 334 1250 364 tecum
1280 334 1350 374 est,
1411 341 1472 373 305

141 388 346 438 Principiis
374 388 459 427 aliis
488 390 625 428 credas
655 402 744 428 cum
774 403 930 440 surgere
959 398 1112 437 uentos,

140 455 234 493 Non
264 453 432 492 dubium
462 467 578 505 rupes
606 455 758 505 aliquas
787 455 1025 506 penitusque
1054 468 1244 494 cauernas

140 520 328 557 Proruere
357 518 506 569 ingenti
535 519 680 567 sonitu,
711 533 886 571 casuque
914 520 1157 571 propinquas

140 582 341 634 Diffugere
370 583 600 635 impellique
629 585 780 624 animas
796 600 806 633 ;
844 585 937 624 hinc
967 598 1142 624 crescere
1172 592 1338 623 uentos:

138 650 220 686 Aut
249 662 386 688 umore
415 649 535 689 etiam
564 650 730 689 nebulas
759 651 962 690 effundere
990 652 1108 701 largo,
1411 665 1477 697 310

149 713 200 751 Vt
228 713 378 765 campis
406 714 587 765 agrisque
616 716 744 754 solent
773 729 874 765 quos
903 715 1026 754 adluit
1054 715 1193 754 amnis.

138 778 318 818 Vallibus
348 779 526 819 exoriens
556 780 696 830 caligat
724 780 884 819 nubilus
913 794 1004 819 aer:

139 844 322 884 Flumina
351 859 472 896 parua
501 847 630 885 ferunt
658 860 782 894 auras,
813 846 874 885 uis
901 846 1080 897 proxima
1108 854 1230 886 uento
1259 854 1344 885 est:

140 909 306 948 Eminus
334 910 508 961 adspirat
536 911 656 950 sontis
685 919 723 950 et
752 912 933 951 uerberat
961 925 1086 951 umor.

138 976 271 1025 Atque
300 976 399 1014 haec
428 976 468 1014 in
498 989 623 1015 uacuo
650 976 683 1015 si
712 984 821 1015 tanta
849 976 1029 1027 potentia
1056 990 1183 1015 rorum
1213 984 1283 1024 est,
1413 990 1476 1022 315

139 1041 233 1079 Hoc
261 1042 374 1092 plura
401 1041 573 1080 efficiant
601 1041 701 1080 infra
725 1042 904 1092 clusique
933 1055 1096 1081 necesse
1124 1049 1194 1081 est.

139 1105 216 1144 His
245 1105 372 1156 agitur
391 1106 530 1147 ,causis
559 1115 666 1146 extra
694 1107 959 1158 penitusque:
998 1115 1140 1146 coactu

139 1171 350 1222 Exagitant
378 1180 545 1211 uentos:
583 1180 762 1223 pugnant
791 1172 831 1211 in
860 1172 1066 1211 faucibus:
1105 1180 1187 1211 arte

139 1236 356 1286 Pugnantis
385 1238 552 1276 suffocat
580 1237 662 1276 iter.
721 1239 830 1277 uelut
859 1239 967 1277 unda
995 1239 1195 1288 profundo

138 1302 297 1352 Terque
326 1310 544 1353 quaterque
573 1304 763 1342 exhausta
790 1316 928 1353 graues
957 1302 1026 1341 ubi
1055 1302 1221 1354 perbibit
1249 1315 1376 1349 euros,
1414 1318 1478 1349 320

140 1367 393 1418 Ingeminant
422 1369 565 1406 fluctus
595 1375 634 1406 et
661 1367 806 1419 primos
835 1367 996 1406 ultimus
1026 1376 1160 1418 urget:

140 1433 264 1471 Haud
294 1445 407 1471 secus
435 1432 646 1472 adstrictus
674 1433 889 1472 certamine
918 1433 1088 1483 tangitur
1116 1433 1197 1472 ictu

139 1496 315 1548 Spiritus,
347 1497 638 1548 inuoluensque
667 1512 739 1537 suo
768 1498 843 1537 sibi
872 1500 1050 1549 pondere
1079 1498 1192 1546 uires,

140 1563 276 1602 Densa
303 1575 373 1614 per
400 1564 584 1603 ardentes
614 1571 768 1603 exercet
797 1577 962 1614 corpora
985 1577 1108 1614 gyros,

181 1658 245 1689 305
270 1649 402 1688 Quodsi
422 1649 451 1681 C
597 1651 663 1689 306
686 1650 934 1691 principiisque
949 1650 1029 1681 Ald.
1052 1660 1132 1690 1517
1149 1654 1179 1680 et
1192 1652 1238 1682 sic
1253 1652 1356 1692 uulgo
1371 1651 1480 1681 editur

140 1703 215 1724 cum
248 1703 390 1733 surgere
421 1693 614 1725 Baehrens:
652 1704 862 1733 consurgere
894 1694 983 1726 codd.
1079 1700 1200 1725 uentos
1234 1695 1290 1725 Cv.
1326 1706 1391 1725 om.
1425 1694 1478 1725 S:

140 1738 264 1778 fientes
283 1748 302 1767 r
439 1747 502 1776 307
529 1737 617 1768 Num
645 1749 664 1768 r
686 1738 823 1770 Arund.
974 1739 1038 1777 308
1064 1738 1235 1769 Proruere
1260 1739 1342 1770 Ald.
1370 1748 1477 1778 1517:

140 1780 335 1812 Prouehere
355 1780 429 1811 CSv
444 1781 536 1821 quod
538 1784 674 1820 frustra
691 1783 794 1812 tuitus
809 1785 856 1813 est
869 1781 1091 1813 Hildebrandt
1100 1787 1134 1823 p.
1154 1784 1242 1813 106:
1267 1782 1294 1813 P
1316 1806 1325 1814 .
1352 1806 1359 1813 .
1387 1806 1395 1813 .
1426 1806 1433 1813 .
1462 1794 1481 1812 r

139 1827 168 1854 ct
190 1825 235 1855 sic
255 1824 394 1855 Arund.
487 1830 609 1856 sonotu
633 1829 810 1856 correctum
835 1826 869 1856 in
893 1827 1009 1856 sonitu
1034 1825 1063 1857 S
1195 1836 1260 1864 310
1284 1826 1428 1857 humore
1454 1825 1482 1857 C

139 1877 176 1898 se
201 1868 343 1898 fundere
366 1868 512 1908 Haupt:
539 1879 577 1900 se
603 1869 780 1900 effundere
803 1870 975 1901 Baehrens
1107 1879 1168 1908 311
1194 1869 1240 1901 Vt
1263 1869 1343 1900 Alcl.
1372 1880 1478 1908 1517:

138 1911 209 1942 Aut
239 1911 334 1943 CSrv
422 1923 508 1943 num
533 1913 680 1944 sedent?
769 1913 874 1944 abluit
898 1913 967 1944 Cv:
992 1912 1104 1943 obruit
1132 1925 1152 1943 r
1174 1913 1311 1945 Arzmd.
1333 1925 1340 1944 :
1371 1914 1478 1944 adluit

139 1954 260 1995 Haupt
277 1959 306 1986 et
326 1955 454 1986 Munro
587 1966 650 1996 313
676 1956 830 1988 Flumina
852 1956 929 1987 SCr
949 1956 1114 1987 Amnum
1148 1956 1299 1987 Flamina
1318 1968 1338 1988 v
1358 1957 1480 1997 Haupt

141 1999 193 2030 uis
216 2009 261 2030 v:
292 1999 350 2030 uix
377 1998 423 2030 Cr
443 1999 582 2031 Arund.
689 2011 753 2039 314
779 2001 820 2030 Et
846 2001 957 2031 minus
980 2000 1031 2031 Sr
1097 2000 1226 2039 aspirat
1251 2012 1291 2031 r:
1324 2002 1477 2040 aspergit

139 2042 168 2072 l.
191 2042 239 2074 H.
264 2043 302 2074 F.
327 2043 471 2073 Meineke
561 2044 659 2075 fortis
683 2044 781 2075 SCr:
810 2044 889 2075 fotis
913 2055 957 2075 v:
981 2044 1084 2075 sontis
1107 2044 1223 2085 scripsi
1308 2044 1428 2075 humor
1454 2044 1482 2075 C

141 2095 204 2125 315
230 2086 393 2117 inuacuos
410 2086 528 2118 SCrv:
553 2088 585 2117 in
605 2098 714 2118 uacuo
732 2087 875 2119 Helmst.
897 2099 940 2119 m.
961 2099 1017 2119 sec.
1067 2090 1096 2119 si
1116 2088 1145 2118 C
1229 2098 1343 2118 rorum
1359 2087 1477 2118 Iacob:

141 2139 255 2160 rerum
276 2130 365 2161 codd.
384 2130 473 2170 quod
493 2132 623 2162 mauolt
646 2131 771 2162 lValter
910 2132 976 2171 316
998 2132 1150 2162 officiunt
1172 2131 1414 2170 introclusique
1435 2142 1477 2162 v:

142 2183 226 2203 num
240 2175 327 2205 intra
340 2174 513 2214 elusiquc‘.²
604 2185 667 2215 317
684 2174 788 2214 igitur
799 2174 951 2215 Scaliger
1008 2180 1126 2206 coactu
1139 2175 1256 2214 scripffl'
1270 2186 1277 2206 ε
1301 2181 1437 2205 coactus
1453 2175 1481 2205 C

140 2216 232 2255 quod
265 2221 446 2248 semarunt
483 2222 661 2258 {tunquam
700 2219 953 2249 nominatismm
982 2219 1126 2258 pluralis
1156 2218 1189 2249 C.
1224 2218 1262 2249 F.
1303 2219 1415 2249 Weber
1450 2223 1480 2249 et

139 2259 324 2292 Sudhaus:
355 2262 484 2292 coactis
509 2273 548 2293 νυ
570 2262 708 2294 Arund.
731 2274 738 2293 :
769 2268 905 2293 coactos
930 2262 1056 2293 Munro
1153 2273 1218 2301 3¹9
1241 2262 1322 2302 iter]
1347 2263 1437 2292 inter
1462 2274 1479 2292 ν

139 2303 276 2335 Arund.
369 2315 435 2343 320
450 2311 569 2336 exusta
581 2317 603 2336 v
663 2316 788 2345 graues
801 2306 865 2337 Cr:
884 2306 999 2345 grauis
1012 2306 1041 2336 S
1099 2305 1245 2346 perbibit
1261 2305 1308 2337 C:
1327 2306 1478 2345 perbibit

140 2357 160 2376 v
178 2357 184 2376 :
209 2347 364 2386 peribere
383 2360 402 2379 ν
529 2359 591 2388 321
620 2349 810 2389 Ingeminat
827 2361 865 2380 νυ
955 2350 1084 2389 primus
1101 2350 1236 2380 ultimos
1256 2349 1325 2380 Cr:
1349 2350 1477 2389 primos

142 2390 280 2421 ultimus
311 2402 355 2422 v:
386 2392 514 2431 primos
543 2393 604 2423 ult·
634 2393 662 2424 S
686 2395 792 2424 celeris
822 2393 971 2424 abscissis
1103 2404 1166 2432 322
1198 2404 1283 2423 num
1308 2394 1477 2424 adtritus?

141 2434 292 2473 tangitur
315 2435 383 2466 ictu
405 2446 471 2466 om.
489 2436 517 2467 S
534 2437 637 2475 :fort.
654 2442 752 2468 aestu
885 2447 949 2476 323
974 2437 1065 2468 uires
1087 2437 1201 2468 codd.:
1225 2447 1327 2476 rupes
1351 2436 1479 2467 Munro

141 2487 203 2516 324
229 2477 318 2508 uires
334 2477 361 2509 C
378 2482 407 2508 cl
423 2491 447 2517 ν,
468 2480 501 2509 in
519 2491 582 2519 quo
598 2491 716 2511 uersus
731 2491 793 2511 suo
809 2480 874 2512 Ioco
890 2481 1036 2511 omissus
1049 2485 1122 2521 post
1137 2491 1200 2519 342
1220 2481 1357 2511 Huicne
1375 2480 1478 2518 igitur

141 2521 253 2553 eredis
270 2526 321 2554 etc.
342 2521 476 2554 additus
490 2527 537 2554 est
616 2535 742 2556 neruos
760 2535 779 2556 v
858 2535 965 2557 uenas
981 2525 1062 2558 Ald.
1083 2534 1164 2564 1517
1182 2535 1189 2555 ε
1213 2534 1318 2564 gyros
1332 2524 1452 2565 scripsi

779 2582 827 2616 41
