1783 2876
733 219 886 256 AETN
891 220 928 256 A

169 328 279 367 Hinc
308 327 417 368 uenti
445 327 582 375 rabies,
615 327 708 366 hinc
737 341 857 366 saeuo
887 336 1045 378 quassat
1075 328 1184 367 hiatu

170 394 445 432 Fundamenta
473 394 571 431 soli:
610 393 808 444 trepidant
837 393 1034 443 urbesque
1064 395 1239 432 caducae

169 459 281 505 Inde,
313 471 444 508 neque
473 466 531 496 est
559 457 679 505 aliud,
711 457 743 496 si
772 459 828 496 fas
858 465 917 497 est
946 458 1117 505 credere,
1150 459 1302 497 mundo

166 524 385 561 Venturam
414 522 566 573 antiqui
595 522 736 561 faciem
766 522 944 561 ueracius
971 535 1102 561 omen.

222 588 337 626 Haec
365 587 494 637 primo
523 600 615 626 cum
645 587 694 625 sit
723 587 874 638 species
904 595 1123 638 naturaque
1153 595 1286 634 terrae,
1383 630 1391 637 ,
1441 604 1500 636 175

167 653 364 690 Introrsus
393 660 572 691 cessante
601 654 687 691 solo
716 652 834 691 trahit
861 652 1039 703 undique
1068 666 1201 691 uenas.

166 718 297 755 Aetna
325 716 385 755 sui
414 717 622 755 manifesta
650 718 748 756 fides
778 725 817 756 et
846 717 1024 768 proxima
1053 731 1147 757 uero
1177 726 1245 757 est.

167 783 262 820 Non
290 781 366 820 illic
390 783 493 821 duce
522 795 586 821 me
615 784 790 821 occultas
820 783 1045 822 scrutabere
1074 796 1223 830 causas,

167 845 386 884 Occurrent
414 844 538 883 oculis
567 844 672 895 ipsae
701 852 924 895 cogentque
953 845 1075 884 fateri.

166 909 340 948 Plurima
367 923 541 960 namque
570 918 707 960 patent
735 910 791 948 illi
819 910 1009 949 miracula
1037 910 1174 949 monti.
1441 919 1501 949 180

166 974 277 1013 Hinc
305 974 407 1013 uasti
435 983 581 1014 terrent
608 975 739 1014 aditus
770 983 1030 1026 merguntque
1059 976 1269 1026 profundo,

166 1039 335 1090 Corrigit
363 1039 456 1079 hinc
484 1048 591 1079 artus
620 1040 780 1092 penitus
810 1054 912 1091 quos
942 1040 1060 1091 exigit
1089 1042 1199 1079 ultra.

166 1104 277 1143 Hinc
306 1104 454 1156 spissae
482 1118 599 1156 rupes
629 1105 788 1144 obstant
818 1105 1098 1156 discordiaque
1127 1105 1275 1156 ingens.

166 1171 274 1209 Inter
303 1183 403 1221 opus
431 1178 597 1209 nectunt
625 1170 728 1209 uarie
756 1170 1014 1221 mediumque
1043 1178 1228 1209 coercent

164 1237 258 1274 Pars
287 1235 368 1286 igni
397 1235 582 1283 domitae,
614 1249 702 1286 pars
731 1235 840 1286 ignes
869 1237 968 1275 ferre
997 1244 1168 1275 coactae.
1440 1245 1498 1285 185

165 1298 298 1353 [Haec
328 1300 456 1351 operis
484 1300 651 1340 uisenda
679 1301 778 1340 sacri
807 1301 1007 1352 faciesque
1036 1299 1277 1354 domusque]
1417 1302 1500 1351 185b

162 1368 277 1405 Haec
307 1366 367 1404 illi
390 1367 504 1405 sedes
534 1372 812 1417 tantarumque
841 1380 931 1405 area
960 1380 1099 1405 rerum.

159 1456 260 1486 huius
274 1461 416 1496 uterque
430 1462 483 1487 est
499 1455 611 1487 CSrv:
635 1461 687 1487 est
698 1457 846 1487 seruauit
859 1456 1080 1487 Hildebrandt
1089 1461 1124 1496 p.
1142 1466 1212 1495 102,
1228 1457 1324 1495 ‘Jetzt
1339 1457 1381 1487 ist
1393 1457 1500 1488 Notus

160 1500 195 1530 in
211 1499 268 1530 der
279 1500 401 1531 Gewalt
414 1499 469 1530 des
483 1499 598 1530 Eurus
613 1500 687 1531 und
694 1501 827 1540 Boreas,
836 1501 918 1542 jetzt
922 1500 1015 1541 jeder
1029 1500 1131 1530 dieser
1142 1500 1250 1530 beiden
1266 1500 1378 1530 letzten
1394 1501 1430 1531 in
1444 1501 1502 1532 der

163 1543 284 1574 Gewalt
312 1543 367 1574 des
392 1542 524 1575 Notus.’
682 1554 830 1583 171—212
865 1555 904 1575 ex
935 1544 1075 1574 dimidia
1107 1547 1240 1574 tantum
1265 1548 1369 1583 parte,
1401 1555 1501 1584 eaque

155 1588 328 1626 posteriore
340 1591 522 1628 supersunt
535 1587 568 1617 in
581 1586 612 1618 S
734 1598 792 1627 171
818 1592 958 1626 quassat
979 1588 1073 1618 hiatu
1093 1587 1188 1618 CSrv
1203 1587 1328 1618 Munro
1345 1599 1353 1619 :
1375 1597 1498 1627 quassa

160 1637 274 1662 meatu
301 1630 498 1671 lVernsdorfi
523 1630 672 1671 Maelzly:
696 1632 798 1662 boatu
827 1631 959 1672 Unger:
984 1632 1086 1662 citatu
1102 1641 1159 1671 ego
1171 1631 1295 1669 Journ.
1321 1631 1363 1670 of
1376 1631 1493 1663 Pln'lol.

159 1675 251 1706 xxvi.
280 1685 311 1715 p.
346 1685 403 1705 111
554 1685 614 1714 172
638 1675 701 1705 soli
719 1675 794 1715 Gyr.
813 1686 821 1706 :
851 1676 925 1706 solo
944 1675 1061 1706 CSrv:
1087 1675 1162 1714 soli,
1182 1675 1356 1714 trepidant
1372 1675 1498 1706 Munro

162 1728 222 1757 173
248 1718 342 1749 Mille
359 1729 422 1749 nec
439 1728 467 1750 e.
487 1729 516 1750 a.
535 1728 561 1750 s.
582 1718 602 1750 f.
623 1729 651 1749 e.
671 1729 699 1750 c.
723 1719 884 1749 mundum
907 1718 1096 1749 Venturum
1121 1729 1150 1750 a.
1170 1718 1204 1749 in
1223 1718 1243 1750 s.
1264 1729 1294 1750 u.
1315 1729 1343 1750 ο.
1374 1719 1493 1760 Unger,

159 1772 255 1801 quem
278 1762 324 1793 ita
347 1766 475 1792 secutus
495 1773 574 1792 sum
599 1766 636 1792 ut
656 1763 827 1802 urbesque
851 1763 1035 1803 trepidant,
1053 1772 1166 1802 neque
1190 1768 1243 1793 est
1266 1762 1357 1794 aliud
1374 1763 1498 1794 inter-se

1163 1814 1180 1830 a

159 1838 345 1878 respondere
366 1843 482 1880 putem
626 1848 685 1878 174
719 1839 908 1871 Venturam
934 1850 993 1870 rv:
1026 1839 1216 1870 Venturum
1243 1839 1271 1870 C
1365 1840 1495 1880 antiqui

160 1882 256 1914 CSrv
283 1882 353 1923 Gyr
522 1892 582 1921 175
614 1884 723 1922 primo
753 1883 839 1914 Cvr:
873 1883 974 1914 immo
1002 1883 1103 1923 Gyr.:
1138 1884 1203 1913 imo
1229 1883 1309 1914 coni.
1337 1883 1498 1914 Matthiae

158 1932 325 1958 naturane
358 1926 432 1966 Gyr.
462 1930 536 1956 teste
559 1925 720 1957 Matthiae
856 1928 916 1967 176
950 1927 1060 1958 trahat
1087 1926 1163 1966 Gyr.
1256 1927 1358 1957 rimas
1387 1927 1500 1968 Unger

161 1971 222 2009 178
245 1971 313 2001 illic
330 1980 367 2002 r:
391 1970 482 2001 illinc
502 1970 570 2001 Cv:
595 1970 642 2000 illi
661 1970 735 2010 Gyr.
929 1981 990 2010 179
1015 1971 1111 2010 ipsae
1127 1969 1215 2000 Rub.
1237 1980 1342 2009 1475:
1371 1971 1435 2010 ipsi
1456 1971 1502 2001 Cr

156 2014 295 2046 Arund.
447 2014 509 2044 180
546 2014 715 2053 spiracula
746 2014 916 2044 Baehrens
1066 2015 1125 2044 181
1166 2014 1343 2044 terebrant
1385 2013 1497 2055 Unger

159 2063 373 2097 uerguntque
394 2057 506 2098 Unger
617 2059 677 2088 182
693 2058 844 2098 Corrigit
863 2057 928 2088 Crv
945 2070 952 2089 ε
969 2057 1118 2097 Porrigit
1136 2057 1211 2097 Gyr.
1228 2061 1256 2088 et
1267 2058 1313 2089 ed.
1332 2057 1495 2088 Vicentina

162 2111 244 2141 1479
319 2102 373 2132 hic
397 2101 460 2132 Crv
475 2112 482 2132 :
506 2101 584 2132 hinc
600 2100 686 2133 Rub.
711 2112 792 2141 1475
869 2106 963 2132 artus
981 2102 1044 2132 Crv
1062 2102 1165 2141 :fot-t.
1181 2111 1281 2132 arcus
1359 2102 1495 2141 penitus

157 2155 244 2184 quos
273 2144 378 2184 exigit
408 2144 483 2176 CS:
526 2146 731 2185 penitusque
762 2147 845 2186 (que
875 2146 966 2184 quod
993 2148 1027 2186 v)
1057 2145 1163 2183 exigit
1192 2155 1252 2175 rv:
1290 2145 1494 2185 penitusque

158 2193 332 2220 exaestuat
346 2188 433 2219 ultra
449 2188 523 2228 Gyr.
536 2200 544 2219 τ
566 2189 772 2228 penitusque
785 2199 824 2219 os
836 2189 936 2228 erigit
950 2189 1039 2220 ultra
1051 2188 1177 2218 ndum-o
1291 2189 1351 2228 183
1366 2189 1494 2220 scissae

161 2231 235 2271 Gyr.
364 2233 424 2271 184
448 2232 558 2263 uaries
577 2232 605 2263 C
620 2243 627 2263 :
661 2233 774 2264 uarios
798 2243 835 2263 rv
847 2233 880 2263 A
887 2232 984 2263 rund.
1007 2232 1037 2264 S
1057 2233 1121 2272 legi
1141 2243 1208 2262 non
1224 2236 1376 2272 poterat:
1407 2233 1493 2263 aliae

159 2275 303 2306 traditur
321 2286 360 2306 ex
385 2276 461 2316 Gyr.
477 2287 485 2306 ε
517 2276 610 2307 uarie
625 2277 742 2317 scripsi
802 2276 863 2306 An
881 2277 972 2307 uires
985 2277 1001 2307 ἱ)
1068 2276 1254 2306 cohercent
1272 2275 1300 2306 C
1432 2278 1492 2315 185

159 2329 224 2358 par
243 2318 357 2358 signes
375 2319 463 2350 serre
478 2318 509 2351 S
590 2324 667 2360 post
690 2322 751 2359 185
777 2319 859 2351 Crv¹
886 2319 1005 2350 habent
1025 2319 1068 2350 Vt
1094 2319 1154 2361 (Et
1169 2319 1205 2359 v)
1231 2320 1339 2350 maior
1357 2321 1492 2360 species

158 2367 260 2393 aetne
284 2368 460 2394 succurrat
484 2363 605 2403 inanis,
625 2365 686 2403 qui
703 2374 818 2394 uersus
841 2363 959 2394 iterum
984 2364 1124 2403 scriptus
1148 2366 1195 2393 est
1214 2367 1291 2402 post
1312 2373 1384 2402 193.
1452 2363 1491 2394 In

153 2406 264 2447 priore
278 2406 343 2436 loco
365 2417 442 2436 eum
467 2406 598 2437 retinuit
619 2408 652 2438 A
658 2408 784 2448 lzinger
803 2406 861 2437 sed
882 2411 919 2438 ut
942 2407 1087 2437 scriberet
1109 2411 1304 2437 succrescat
1332 2407 1366 2437 in
1394 2407 1492 2446 ignes

162 2447 241 2488 185b
257 2460 295 2480 ex
313 2450 382 2480 solo
398 2450 471 2489 Gyr.
491 2450 635 2481 traditur
646 2451 704 2482 sed
712 2454 788 2491 post
807 2452 866 2490 187
936 2451 1030 2490 operi
1050 2449 1124 2489 Gyr.
1144 2461 1151 2480 :
1174 2451 1363 2490 modusque
1384 2450 1496 2491 Unger

163 2494 225 2524 186
254 2494 299 2524 sic
324 2492 397 2533 Gyr.
425 2493 588 2533 quomodo
609 2495 750 2534 scriptus
771 2498 818 2525 est
840 2505 956 2524 uersus
977 2495 1011 2524 in
1038 2493 1139 2533 Neap.
1167 2498 1196 2524 et
1218 2493 1264 2525 ed.
1290 2493 1379 2526 Rub.
1410 2503 1491 2533 1475

159 2537 226 2568 m'si
237 2536 325 2577 quod
339 2537 404 2568 illis
418 2537 538 2567 habent
552 2539 651 2569 ambo
663 2550 674 2569 .·
699 2538 797 2569 Haec
813 2537 880 2569 illis
895 2542 1065 2569 tantarum
1082 2537 1252 2577 sedesque
1269 2548 1423 2570 arearum
1442 2544 1493 2569 est

427 2595 437 2612 ¹
455 2597 492 2623 In
504 2598 528 2623 S
539 2600 696 2631 supersunt
708 2597 778 2624 haec
791 2597 830 2623 ies
845 2597 945 2624 asthne
959 2603 1104 2624 succurrat
1118 2596 1210 2624 inanis

802 2645 848 2682 23
