1783 2876
315 235 351 271 A
382 233 645 272 POSSIBLE
676 232 901 271 SOURCE
933 232 1004 271 OF
1036 233 1276 271 ‘AETNA’

185 339 221 376 It
242 338 272 376 is
294 344 362 376 not
382 336 600 386 pretended
617 337 700 374 that
718 336 829 374 these
845 343 921 375 two
939 349 1121 386 passages
1138 337 1182 375 of
1197 339 1325 375 Aetna
1343 339 1461 376 could

130 409 180 447 be
209 420 318 446 more
348 408 443 445 than
468 419 490 444 a
515 411 652 443 remote
673 406 884 455 suggestion
915 406 1013 444 srom
1045 407 1112 444 the
1136 419 1251 455 prose
1280 409 1436 446 treatise
1457 425 1462 446 :

129 479 206 517 this
228 479 259 516 is
280 479 330 516 all
351 478 434 515 that
455 489 528 514 can
550 476 600 515 be
620 476 800 514 claimed.

185 560 218 598 5.
251 548 355 586 Both
377 548 521 586 writers
542 547 682 596 appeal
704 548 742 584 in
764 560 785 585 a
806 547 969 585 marked
985 559 1150 585 manner
1169 554 1210 585 to
1226 549 1460 596 [seraa-litus,

130 619 227 658 both
249 619 340 657 with
362 632 412 656 an
434 619 603 657 allusion
626 626 666 656 to
688 619 747 656 his
769 618 979 667 obscurity.

177 707 208 729 v.
239 704 256 740 5
293 695 402 729 Ταύτὸ
435 695 471 728 δὲ
505 697 606 729 τοῦτο
640 692 680 737 ἧν
712 695 765 729 καὶ
797 695 836 728 τὸ
868 695 960 739 παρὰ
989 694 1036 740 τῷ
1076 694 1238 741 σκοτεινῴ
1279 696 1465 741 λεγόμενον

125 753 354 800 Ἡρακλείτῳ.

176 823 222 858 vi.
242 832 285 868 37
311 824 387 857 Πᾶν
403 823 468 869 γὰρ
485 823 627 867 ἑρπετὸν
642 823 702 867 τὴν
720 824 784 868 γῆν
801 823 946 866 νέμεται,
965 822 1008 857 ὣς
1026 823 1136 867 φησιν
1150 823 1383 868 Ἡράκλειτος.

176 893 290 928 Aetn.
311 893 380 937 536

273 950 420 994 Cogitet
446 949 593 985 obscuri
619 949 814 985 uerissima
842 950 942 986 dicta
968 950 1092 994 libelli,

273 1008 474 1052 Heraclite‚
500 1008 564 1043 tui.

184 1082 219 1118 6.
251 1080 339 1118 The
368 1080 463 1130 Περὶ
492 1080 653 1129 Κόσμου
677 1079 747 1117 has
775 1092 796 1117 a
826 1079 988 1118 distinct
1018 1081 1216 1118 reference
1243 1086 1284 1118 to
1305 1082 1464 1119 Aetna’s

129 1158 287 1200 cratem,
308 1151 388 1189 and
415 1152 455 1188 in
484 1151 710 1189 connexion
738 1151 829 1189 with
859 1151 967 1189 them
994 1158 1036 1189 to
1065 1151 1132 1189 the
1160 1152 1315 1200 Legend
1340 1151 1387 1200 of
1407 1154 1466 1189 tlze·

129 1222 250 1259 Pious
282 1222 488 1268 Bretlzren,
523 1222 649 1258 which
686 1222 806 1259 forms
845 1222 912 1260 the
951 1222 1193 1271 concluding
1227 1223 1390 1271 episode
1426 1223 1470 1260 of

130 1287 197 1325 the
226 1299 356 1336 poem.

176 1362 222 1397 vi.
243 1372 287 1407 32
313 1364 355 1397 Αἱ
373 1362 409 1396 δέ
430 1361 592 1408 (φλόγες)
611 1363 696 1407 πρὸς
714 1362 865 1408 ἑσπέραν
885 1363 921 1396 ἐκ
942 1363 1004 1408 γῆς
1021 1361 1263 1406 ἆναβλύσασηι
1283 1363 1335 1397 καὶ
1358 1362 1465 1407 ε’κφυ-

131 1419 296 1464 σὴσασαι,
321 1421 470 1464 καθάπερ
493 1424 559 1454 τῶν
580 1421 617 1455 ε’ν
641 1419 742 1463 Αἴτνῃ
769 1420 943 1465 κρατήρων
968 1420 1226 1466 ἀναρραγέντων
1246 1421 1300 1455 καὶ
1323 1420 1383 1455 ἀνὰ
1406 1422 1466 1466 τὴν

129 1480 192 1524 ’γῆν
218 1479 418 1524 φερομένων
446 1479 634 1524 χειμάρρου
665 1479 769 1523 δίκην.
810 1477 921 1512 ’Ἔνθα
947 1480 1000 1513 καὶ
1025 1480 1064 1513 τὸ
1089 1482 1156 1513 τῶν
1183 1480 1346 1521 Εὗσεβῶν
1370 1481 1467 1525 γένος

129 1536 259 1580 ἐξόχως·
288 1537 429 1580 ἐτίμησε
456 1537 494 1570 τὸ
523 1535 706 1580 δαιμόνιον,
731 1536 1100 1581 περικαταληφθέντων
1127 1537 1189 1571 ὑπὸ
1216 1539 1277 1570 τοῦ
1303 1535 1467 1581 ῥεύματος

129 1594 185 1628 διὰ
203 1595 242 1628 τὸ
259 1595 447 1637 βαστάζειν
465 1594 628 1641 γέροντας
651 1594 707 1630 ἐπὶ
732 1597 799 1630 τῶν
821 1594 918 1639 ὤμων
937 1597 1049 1640 γονεῖς
1074 1595 1127 1629 καὶ
1152 1596 1283 1637 σώζειν·
1317 1597 1468 1638 πλησίον

129 1653 195 1699 γὰρ
218 1653 327 1686 αιἰτῶν
349 1655 531 1699 γενόμενος
555 1655 573 1687 ὁ
599 1655 660 1688 τοῦ
681 1655 788 1697 πυρὸς
812 1654 963 1698 ποταμὸς
988 1653 1188 1699 ἐξεσχίσθη,
1209 1652 1410 1699 παρέτρεψέ
1431 1669 1468 1688 τε

128 1713 189 1745 τοῦ
207 1711 370 1757 φλογμοῦ
387 1713 426 1747 τὸ
443 1711 504 1756 μὲν
527 1712 616 1755 ἔνθα,
637 1713 675 1746 τὸ
697 1711 725 1746 δ’
744 1712 834 1756 ἔνθα,
854 1712 906 1746 καὶ
929 1711 1092 1757 ἐτήρησεν
1112 1710 1282 1754 ἀβλαβεῖς
1306 1713 1374 1758 ἅμα
1396 1713 1466 1747 τοῖς

129 1772 268 1816 γονεῦσι
286 1771 362 1806 τοὺς
381 1771 582 1806 νεανίσκους.

765 2600 836 2626 XCV
