1783 2876
741 208 895 246 AETN
898 209 934 246 A

176 316 226 354 Et
247 328 497 365 quacumque
518 315 589 354 iter
609 322 678 363 est,
700 323 897 366 properat,
918 315 1135 365 transitque
1157 324 1388 363 morantem,
1443 331 1505 364 325

175 381 316 418 Donec
345 380 547 419 confluuio
577 379 699 418 ueluti
729 380 935 430 siponibus
965 388 1075 418 actus

175 445 304 491 Exilit,
334 452 454 494 atque
483 446 615 484 furens
645 452 728 484 tota
757 445 883 484 uomit
913 445 1050 495 igneus
1079 447 1223 483 Aetna.

227 511 349 558 Quod
379 510 410 548 si
440 511 538 549 forte
567 518 681 561 putas
711 510 838 549 isdem
868 512 1074 549 decurrere
1102 518 1244 549 uentos

173 574 369 613 Faucibus
398 583 517 625 atque
547 575 673 614 isdem
702 577 838 626 pulsos
866 589 1050 622 remeare,
1082 577 1278 614 notandas

172 641 254 678 Res
284 640 408 679 oculis
438 642 549 679 locus
579 640 663 692 ipse
692 640 803 679 dabit
832 648 1026 691 cogetque
1055 654 1208 691 negare.
1445 657 1507 688 330

172 705 367 754 Quamuis
399 707 580 745 caeruleo
610 705 737 745 siccus
768 708 867 745 Ioue
895 707 1041 757 fulgeat
1069 707 1215 753 aether,

172 771 455 821 Purpureoque
484 771 630 810 rubens
659 779 790 822 surgat
819 770 931 810 iubar
959 784 1099 810 aureus
1129 779 1247 819 ostro,

172 835 287 874 Illinc
317 836 485 874 obscura
513 849 669 886 semper
697 835 863 886 caligine
892 837 1019 875 nubes

172 900 365 950 Pigraque
395 901 535 940 defuso
565 900 712 940 circum
743 908 874 952 stupet
903 901 1040 940 umida
1068 902 1192 949 uultu,

171 967 432 1017 Prospectans
459 966 639 1004 sublimis
669 980 768 1017 opus
797 974 1011 1017 uastosque
1039 974 1232 1017 receptus.
1445 983 1506 1014 335

171 1032 265 1069 Non
295 1030 402 1069 illam
431 1030 566 1072 ’tuidet
595 1033 727 1070 Aetna
755 1044 829 1070 nec
859 1033 939 1071 ullo
968 1031 1166 1082 intercipit
1194 1039 1339 1079 aestu}

171 1095 416 1146 Obsequitur
444 1110 697 1147 quacumque
726 1096 836 1136 iubet
864 1096 963 1136 leuis
992 1110 1086 1136 aura
1114 1097 1304 1148 reditque.

171 1162 377 1200 Placantes
407 1161 526 1201 etiam
556 1161 740 1200 caelestia
768 1161 933 1200 numina
962 1170 1047 1202 ture

171 1228 338 1266 Summo
367 1240 484 1266 cerne
514 1226 616 1277 iugo,
648 1228 713 1266 uel
743 1240 821 1278 qua
849 1227 1070 1267 liberrimus
1099 1229 1231 1267 Aetna

172 1293 443 1342 Introspectus
473 1291 564 1340 hiat,
597 1300 794 1330 tantarum
823 1291 976 1331 semina
1003 1306 1133 1332 rerum
1446 1309 1508 1342 340

171 1356 212 1396 Si
242 1356 339 1395 nihil
369 1356 490 1395 irritet
519 1358 727 1396 flammans
757 1365 993 1408 stupeatque
1022 1358 1275 1408 profundum.

173 1421 330 1460 Huicne
359 1421 475 1471 igitur
503 1422 640 1470 credis,
674 1430 825 1461 torrens
855 1430 898 1461 ut
926 1422 1084 1472 spiritus
1114 1422 1180 1469 illi,

172 1486 253 1536 Qui
282 1500 398 1537 rupes
427 1494 650 1537 terramque
679 1494 795 1534 rotat,
828 1487 896 1538 qui
925 1487 1108 1526 fulminat
1136 1487 1257 1538 ignes

171 1552 276 1592 Cum
306 1551 402 1591 rexit
431 1552 533 1591 uires
562 1560 601 1592 et
630 1565 818 1604 praeceps
848 1551 954 1591 flexit
983 1552 1170 1600 habenas,

214 1633 280 1671 326
304 1632 482 1672 siponibus
502 1632 530 1664 C
546 1632 697 1673 idemque
708 1634 783 1672 fuit
802 1633 835 1663 in
857 1632 887 1664 S
904 1634 1064 1674 quamuis
1081 1634 1222 1674 supersit
1240 1637 1373 1664 tantum
1395 1633 1507 1674 sipon-

171 1676 275 1707 ueluti
292 1680 356 1708 cett.
376 1687 441 1708 om.
460 1688 479 1706 r
566 1677 658 1708 uelut
674 1676 703 1708 is
718 1687 738 1707 v
848 1678 911 1716 328
934 1679 963 1708 si
983 1677 1011 1708 C
1096 1678 1240 1708 decurre
1260 1677 1308 1708 C:
1334 1678 1507 1708 decurrer-

170 1730 189 1751 e
206 1721 350 1751 abscissa
366 1720 395 1751 S
411 1731 418 1751 z
442 1721 626 1752 decurrere
644 1732 663 1751 ν
784 1719 874 1751 idem
895 1732 914 1751 r
1092 1731 1156 1761 329
1180 1726 1305 1761 autque
1323 1721 1413 1752 idern
1433 1720 1508 1752 CS:

171 1769 271 1803 atque
288 1763 394 1794 isdem
410 1764 517 1805 (idem
536 1763 569 1804 ν)
582 1775 638 1795 vr:
651 1764 735 1803 sort.
751 1769 852 1804 atque
866 1765 899 1795 in
913 1765 1003 1796 idem
1063 1764 1171 1805 pulsis
1188 1765 1303 1796 CSrv:
1327 1765 1445 1805 pulsos
1458 1765 1503 1796 ed.

171 1839 282 1872 Paris.
299 1850 380 1880 1507
438 1813 588 1872 niitiiiinda
599 1841 608 1859 ¹
628 1841 671 1872 C:
688 1842 838 1872 notanda
852 1841 1017 1873 rArund.
1031 1853 1038 1872 :
1055 1841 1222 1872 notandas
1235 1852 1255 1873 v
1332 1852 1397 1882 330
1414 1845 1468 1873 res
1483 1842 1511 1873 C

170 1894 232 1924 331
260 1885 398 1915 ceruleo
414 1886 586 1916 sicusioue
605 1885 651 1916 C:
674 1886 764 1916 sicco
781 1896 801 1916 v
819 1896 826 1916 :
849 1886 1026 1916 caeruleus
1043 1886 1134 1916 sicco
1149 1885 1245 1916 Iacob
1353 1887 1475 1926 frigeat
1492 1897 1510 1915 r

170 1928 307 1960 Arund.
325 1939 332 1959 t
357 1929 461 1968 fugiat
477 1939 496 1959 v
514 1940 521 1960 z
545 1928 587 1959 fr·
605 1932 670 1960 cett.
688 1929 837 1959 abscissis
853 1929 882 1960 S
995 1939 1060 1968 333
1086 1929 1157 1960 Illic
1173 1929 1323 1969 Scaliger
1442 1939 1505 1969 334

171 1972 294 2003 defuso
309 1972 380 2003 CS:
405 1972 554 2012 deffusso
570 1983 589 2002 r
645 1972 889 2012 circumstupet
902 1972 999 2003 SCr:
1022 1975 1311 2012 circumstrepatv
1370 1973 1507 2004 humida

173 2015 259 2047 Crv:
279 2016 350 2046 hui·
366 2019 430 2048 cett.
445 2016 594 2046 abscissis
605 2015 635 2047 S
720 2026 784 2055 335
811 2017 1038 2055 prospectant
1052 2015 1108 2047 CS
1123 2027 1131 2046 τ
1156 2016 1358 2056 Prospectat
1371 2017 1510 2057 rvquod

172 2059 304 2090 relinm't
318 2059 447 2100 Haupt,
466 2059 607 2090 inuersis
622 2070 697 2099 334,
715 2069 777 2099 335
796 2070 803 2090 :
827 2060 1056 2099 Prospectans
1072 2059 1197 2090 Munro
1261 2065 1444 2100 uastusque
1464 2059 1506 2090 C:

172 2113 249 2133 uas·
274 2103 379 2134 ceferis
405 2103 554 2133 abscissis
579 2102 608 2133 S
719 2108 879 2142 receptus
905 2104 994 2135 Crv:
1029 2113 1186 2134 recessus
1212 2103 1264 2134 ed.
1288 2102 1397 2134 Rubet
1424 2113 1505 2144 1495

173 2147 237 2186 336
260 2146 354 2178 uidet
375 2146 493 2177 CSrv:
522 2146 604 2177 bibit
623 2146 766 2187 Haupt:
796 2152 893 2177 uorat
913 2147 1066 2178 Munro:
1089 2147 1170 2186 fort.
1198 2151 1314 2178 mouet
1402 2147 1505 2178 inter-

173 2189 264 2229 cepit
281 2201 300 2220 r
364 2191 487 2221 haustu
506 2190 627 2230 Haupt
728 2191 791 2230 338
815 2194 911 2221 turae
931 2190 959 2221 C
1063 2200 1128 2230 339
1150 2191 1296 2221 aethnae
1313 2189 1481 2222 rArund.
1500 2202 1507 2221 t

173 2233 306 2264 Aetnae
323 2233 443 2275 Haupt
457 2245 464 2264 ε
487 2234 546 2264 sed
557 2234 670 2264 Aetna
687 2233 856 2265 ablatiuus
867 2238 971 2275 potest
986 2244 1051 2264 esse
1061 2246 1073 2272 ,·
1092 2240 1154 2274 pro
1169 2234 1377 2264 nominatiuo
1393 2234 1509 2265 habuit

174 2277 299 2307 Munro
387 2288 451 2317 340
472 2277 718 2317 Inprospectus
737 2277 830 2308 CSrv
918 2278 1052 2308 correxit
1066 2277 1232 2308 Schrader
1318 2287 1379 2317 341
1400 2278 1507 2309 irritet

176 2319 223 2350 C:
248 2320 372 2351 inridet
387 2320 436 2352 S:
458 2320 572 2352 inritet
590 2332 609 2352 r
694 2322 870 2352 flammans
883 2322 1018 2362 scripsi:
1041 2321 1192 2352 flammas
1210 2320 1305 2352 SCrv
1347 2321 1429 2353 Post
1443 2332 1505 2361 344

173 2363 294 2403 Haupt
308 2373 383 2403 355,
403 2366 467 2403 356
482 2364 636 2395 locandos
647 2366 783 2404 putauit
906 2375 970 2404 342
998 2364 1110 2403 Huinc
1124 2364 1172 2395 C:
1197 2364 1286 2396 Huic
1303 2364 1371 2396 Srv
1460 2366 1506 2396 illi

179 2407 262 2438 Crv:
287 2407 343 2438 ille
359 2407 507 2448 Scaliger
627 2418 691 2447 343
710 2413 803 2439 notat
819 2408 916 2439 SCrv
930 2407 1069 2439 Arund.
1088 2419 1095 2438 :
1119 2413 1207 2439 rotat
1223 2407 1318 2438 Iacob
1442 2419 1507 2449 344

175 2450 260 2482 Cum
276 2450 363 2482 rexit
382 2451 455 2482 CS:
479 2461 540 2482 cur
555 2451 624 2483 exit
642 2463 680 2483 rv
746 2453 826 2483 ssex-
843 2456 907 2483 cett.
925 2451 1074 2483 abscissis
1088 2451 1124 2491 S,
1143 2452 1205 2492 qui
1216 2452 1266 2483 hic
1280 2451 1396 2483 desinit

497 2513 517 2530 s.
531 2510 595 2530 sunt

455 2536 465 2555 ¹
484 2539 609 2565 notanda
621 2538 645 2566 C
656 2547 712 2572 quo
724 2539 847 2566 uidetur
854 2538 1026 2572 significari
1036 2538 1141 2566 seilicet
1154 2544 1228 2566 sunt.

812 2587 863 2624 43
