1783 2876
691 207 884 244 AETNA

123 317 297 355 Effumat
327 317 462 362 moles,
494 322 613 364 atque
643 314 730 364 ipso
759 315 936 364 pondere
966 322 1087 352 tracta

121 381 306 420 Voluitur
334 379 483 430 ingenti
513 378 687 429 strepitu,
719 392 988 429 praecepsque
1019 378 1176 416 sonanti
1395 392 1460 424 500

124 447 228 486 Cum
258 445 387 484 solido
416 444 551 482 inflixa
580 452 649 491 est,
681 445 857 494 pulsatos
887 442 1052 493 dissipat
1082 442 1193 488 ictus,

122 513 173 549 Et
202 524 281 561 qua
310 509 483 549 disclusa
512 517 581 556 est,
613 508 801 547 candenti
831 508 972 547 robore
1001 509 1132 558 fulget.

122 574 278 614 Emicat
307 588 473 613 examen
502 574 637 625 plagis,
669 573 848 612 ardentia
876 586 968 611 saxa

120 640 366 679 Scintillant:
405 640 543 690 procul
573 645 656 678 este
675 640 811 689 pedes,
843 639 982 689 procul
1011 643 1104 685 este,
1136 636 1308 690 ruentis!

121 705 320 744 Incolumi
349 705 502 743 feruore
530 705 702 743 eadunt:
742 717 880 742 uerum
909 703 1081 754 impetus
1110 702 1248 753 ingens
1397 717 1459 748 515

120 770 311 809 Simaethi
341 771 545 820 quondam
575 777 618 807 ut
647 768 749 819 ripas
779 768 972 807 traiecerit
1001 767 1140 814 amnis,

120 835 197 874 Vix
226 835 331 874 uncis
361 834 572 885 quisquam
601 834 680 877 fixo
709 833 922 872 dimouerit
950 833 1046 871 illas.

120 900 294 939 Vicenos
324 913 512 950 persaepe
541 898 626 938 dies
655 898 756 936 iacet
786 898 928 937 obruta
957 899 1093 937 moles.

175 966 254 1004 Sed
283 966 423 1003 frustra
452 963 568 1003 certis
598 963 809 1014 disponere
839 963 992 1014 singula
1021 962 1151 1002 causis

119 1033 392 1082 Temptamus,
425 1030 456 1069 si
486 1032 598 1068 firma
627 1037 761 1069 manet
790 1029 862 1068 tibi
890 1030 1025 1068 fabula
1054 1030 1235 1076 mendax,
1397 1045 1461 1077 510

121 1096 331 1135 Materiam
361 1104 404 1135 ut
433 1096 569 1134 credas
598 1095 716 1134 aliam
747 1096 867 1134 fluere
896 1094 996 1145 igne,
1028 1095 1179 1133 fauillae

120 1161 304 1200 Flumina
332 1161 570 1212 proprietate
599 1160 716 1199 simul
745 1174 1011 1208 concrescere,
1043 1160 1126 1199 siue

121 1227 392 1267 Commixtum
421 1228 530 1265 lento
559 1227 719 1276 flagrare
749 1225 943 1264 bitumine
973 1226 1146 1276 sulphur.

121 1293 227 1330 Nam
257 1299 346 1342 post
376 1299 553 1330 exustam
583 1299 730 1330 cretam
761 1304 922 1341 quoque
951 1291 1095 1329 robora
1124 1291 1249 1336 fundi,

122 1359 172 1396 Et
202 1358 342 1407 figulos
372 1356 464 1395 huic
493 1370 578 1395 esse
609 1357 740 1402 fidem,
772 1355 865 1394 dein
895 1355 1045 1405 frigoris
1075 1369 1148 1394 usu
1398 1371 1459 1403 515

122 1422 317 1461 Duritiem
347 1435 532 1460 reuocare
561 1435 673 1459 suam
704 1429 742 1459 et
771 1420 1037 1471 constringere
1066 1434 1199 1459 uenas.

119 1489 198 1527 Sed
229 1487 384 1537 signum
414 1500 629 1525 commune
658 1487 746 1524 leue
775 1493 844 1533 est,
875 1494 995 1536 atque
1023 1485 1129 1524 irrita
1158 1499 1276 1524 causa

122 1554 237 1602 Quae
267 1552 463 1603 trepidat:
503 1559 607 1590 certo
636 1564 775 1589 uerum
806 1550 877 1589 tibi
907 1550 1062 1601 pignere
1091 1559 1257 1590 constat.

164 1639 225 1668 501
254 1629 380 1659 inflexa
399 1628 444 1659 Cr
458 1628 523 1659 Ar.
542 1639 549 1658 :
574 1628 690 1658 inssixa
706 1626 873 1667 Scaliger:
904 1627 1032 1658 inflicta
1048 1627 1142 1667 uulg.
1292 1626 1463 1667 pulsantis

122 1672 265 1704 Clericus
411 1682 475 1711 502
499 1672 578 1711 quia
602 1671 649 1702 ecl.
674 1671 758 1702 Par.
786 1680 893 1709 1507:
925 1670 1078 1710 displosa
1106 1670 1273 1710 Scaliger:
1309 1671 1460 1701 discussa

120 1716 296 1747 D'Orm'lle
383 1725 448 1755 503
471 1726 616 1746 examen
632 1726 639 1746 ε
663 1715 774 1755 plagis
785 1715 912 1745 Mmzro
1002 1724 1065 1754 504
1090 1714 1285 1745 Scintillant
1297 1714 1462 1755 Scaltg'et':

122 1761 297 1791 Scintillas
316 1759 363 1790 C:
388 1759 543 1790 Scintilla
561 1770 580 1789 r
666 1763 740 1789 este
757 1758 953 1789 D'Oruz‘lle:
978 1759 1098 1798 procul
1116 1764 1189 1789 este
1207 1758 1324 1798 pedes,
1344 1758 1461 1797 procul

121 1809 195 1835 este
215 1804 351 1844 scripsi:
375 1803 492 1842 procul
519 1813 596 1833 esse
614 1802 699 1833 fides
719 1802 801 1834 (fide
819 1803 852 1842 r)
871 1803 988 1842 procul
1015 1812 1093 1833 esse
1112 1802 1158 1833 Cr
1244 1802 1361 1841 procul
1381 1812 1462 1832 ecce

121 1847 200 1878 uide
212 1847 329 1887 procul
343 1857 424 1877 ecce
441 1846 582 1877 Clericus
596 1848 690 1887 (ecce
704 1845 865 1885 Scaliger)
953 1845 1126 1876 Scintillas
1141 1846 1260 1885 procul
1272 1856 1350 1876 esse
1363 1846 1460 1883 fides,

120 1892 238 1932 procul
256 1901 333 1922 esse
351 1891 483 1921 ruentis
496 1890 623 1920 Munro
701 1889 877 1920 Scintillae
895 1890 1012 1929 procul
1030 1899 1110 1920 ecce
1128 1889 1224 1929 fides,
1245 1889 1363 1929 procul
1381 1899 1461 1920 ecce

122 1936 263 1973 ruentis,
285 1934 450 1965 Incolumi
468 1934 604 1964 feruore
623 1934 748 1964 cadunt
764 1932 930 1963 Sudhaus
1041 1943 1105 1971 505
1126 1933 1249 1972 ingens
1270 1933 1462 1963 Baehrens:

1343 1976 1389 2001 uel
1403 1984 1435 2001 su

122 2011 221 2051 ignes
237 2011 354 2043 CrAr.
447 2011 513 2050 506
534 2009 681 2041 Simethi
697 2009 744 2040 C:
764 2009 801 2040 Si
819 2009 873 2040 uel
889 2009 1030 2040 fumanti
1048 2021 1067 2039 r
1079 2008 1214 2041 Arund.
1227 2009 1261 2040 lz.
1274 2020 1298 2040 e.
1314 2009 1460 2040 Simethi

122 2056 294 2094 quondam
313 2065 377 2086 om.
399 2065 418 2085 r
484 2055 612 2093 utripas
633 2053 660 2084 C
746 2063 808 2092 507
833 2053 958 2084 iunctis
978 2053 1043 2083 Cr:
1068 2053 1183 2084 uncis¹
1203 2054 1319 2092 scrfflsi
1384 2054 1462 2084 saxo

123 2098 249 2128 Munro
310 2099 508 2129 demouerat
524 2098 588 2129 Ar.
682 2098 749 2135 508
773 2097 923 2128 Vicenos
940 2096 1130 2128 Helmstad.
1147 2108 1154 2127 z
1177 2096 1318 2127 Vicinos
1335 2096 1382 2127 Cr
1394 2097 1459 2127 Ar.

123 2142 197 2172 dies
224 2141 269 2172 Cr
290 2144 354 2174 Ar.
463 2142 569 2181 pedes
593 2140 779 2179 D'Oruz'lle,
806 2140 898 2179 quod
919 2144 1100 2180 receperunt
1117 2140 1264 2180 plerique
1396 2150 1462 2179 510

123 2185 250 2216 sifirma
269 2185 296 2216 C
381 2195 443 2224 511
464 2186 576 2216 fruere
593 2196 612 2215 r
625 2185 690 2215 Ar.
707 2196 714 2215 ε
739 2184 852 2215 furere
869 2184 1077 2214 Sloam'anus
1144 2183 1279 2214 fauillae
1298 2183 1440 2214 Clericus
1455 2195 1461 2214 :

123 2229 239 2259 fauilla
257 2228 303 2259 C:
328 2229 475 2260 fauillam
495 2229 592 2259 rAr.
609 2240 616 2259 ε
641 2227 742 2268 ignis,
759 2228 800 2258 ab
818 2228 874 2258 illa
890 2228 1060 2258 Baehrens
1190 2237 1254 2266 512
1279 2227 1427 2258 Plurima
1444 2238 1462 2256 r

122 2272 189 2303 Ar.
208 2273 310 2302 nescio
326 2283 371 2302 an
390 2277 466 2304 recte
531 2273 616 2303 sicut
632 2272 802 2302 Baehrens
903 2281 966 2310 513
991 2271 1181 2301 Conustum
1199 2282 1218 2301 r
1230 2270 1296 2302 Ar.
1395 2280 1458 2310 514

124 2316 326 2346 exhaustam
345 2327 364 2346 r
462 2317 582 2347 robora
599 2326 637 2346 r:
663 2316 785 2346 robore
801 2315 828 2346 C
931 2315 1023 2345 fundi
1050 2314 1260 2353 lVernsdorf:
1286 2314 1396 2344 fundit
1417 2314 1462 2345 Cr

124 2360 187 2391 Ar.
208 2371 214 2390 :
231 2359 312 2398 sort.
335 2359 421 2390 Nam
439 2370 540 2399 posse
557 2363 711 2390 exustam
729 2370 756 2390 c.
775 2370 805 2398 q.
827 2358 948 2389 robore
965 2358 1059 2388 fundi
1173 2359 1237 2396 518
1256 2357 1393 2397 tripidat
1414 2357 1460 2388 C:

113 2403 196 2443 sort.
215 2403 362 2442 tripedat
416 2409 509 2434 certo
522 2402 639 2434 Sloan.
657 2414 662 2434 :
689 2407 782 2434 certe
799 2402 845 2433 C:
869 2413 936 2433 om.
955 2413 974 2431 r
987 2401 1052 2431 Ar·
1098 2401 1156 2432 tibi
1172 2401 1213 2434 C:
1240 2401 1303 2433 sibi
1316 2405 1459 2442 excerpta

123 2446 303 2477 Pt'llzoeana
319 2457 326 2476 t
350 2447 404 2477 ubi
424 2458 460 2477 r:
486 2447 530 2477 ibi
547 2447 611 2478 Ar.
699 2447 842 2486 pignore
857 2446 902 2476 Cr
913 2446 977 2476 Ar.

537 2509 545 2526 ¹
565 2520 636 2537 unco
649 2512 710 2536 iam
723 2513 860 2542 excerpta
874 2511 888 2536 Ι
892 2510 1048 2535 ’samana-

765 2548 810 2583 61
