1783 2876
763 191 958 228 AETNA

198 300 260 337 Tu
289 305 397 336 tanta
426 299 623 336 humanae
653 298 781 348 plebis
812 300 1037 348 spectacula
1066 312 1215 344 cernes
1465 306 1529 337 600

194 363 487 413 Praecipueque
517 362 609 412 uigil
639 364 793 401 feruens
824 362 892 401 ubi
922 362 1042 401 Sirius
1071 365 1192 401 ardet.

194 428 420 478 Insequitur
448 428 627 466 miranda
656 436 790 466 tamen
820 441 890 466 sua
919 428 1052 466 fabula
1081 437 1271 474 montem,

192 494 278 531 Nec
308 492 438 531 minus
467 492 530 531 ille
560 492 626 543 pio
656 506 775 542 quam
806 505 908 539 sons,
941 498 1022 530 tam
1052 492 1195 531 nobilis
1226 492 1351 542 ignist.

192 558 297 596 Nam
327 559 530 607 quondam
560 557 683 608 ruptis
712 558 923 596 excanduit
952 560 1082 596 Aetna
1111 558 1301 604 cauernis,

193 624 243 661 Et
273 625 382 662 uelut
411 622 556 662 euersis
586 623 743 673 penitus
773 623 1000 662 fornacibus
1031 623 1167 674 ingens
1463 630 1524 669 605

194 689 345 727 Euecta
373 688 413 726 in
442 690 604 738 longum
636 688 776 738 lapidis
806 688 1025 727 feruoribus
1056 690 1173 727 unda.

193 755 315 792 Haud
345 753 455 792 aliter
484 767 603 803 quam
634 767 725 791 cum
756 766 877 792 saeuo
909 755 1007 792 Ioue
1037 755 1203 804 fulgurat
1233 755 1377 800 aether,

192 820 242 856 Et
272 818 442 857 nitidum
472 819 640 856 obscura
669 820 823 856 caelum
853 818 1019 868 caligine
1049 826 1215 869 torquet.

190 884 395 922 Ardebant
423 883 523 933 agris
553 891 703 932 segetes
733 891 771 922 et
801 883 930 921 mollia
959 885 1067 922 cultu

191 950 332 999 Iugera
360 963 451 987 cum
481 948 664 996 dominis,
697 948 819 987 siluae
849 951 1050 999 collesque
1080 949 1291 988 rubebant.
1463 957 1528 987 610

189 1014 364 1053 Vixdum
393 1021 519 1052 castra
548 1021 688 1064 putant
718 1015 874 1053 hostem
905 1014 1085 1061 mouisse,
1118 1015 1352 1060 tremebant,

192 1080 243 1117 Et
271 1078 349 1117 iam
380 1078 570 1117 finitimae
599 1086 731 1129 portas
761 1086 939 1117 euaserat
968 1079 1086 1117 urbis.

190 1145 295 1182 Tum
325 1157 420 1182 uero
449 1151 492 1182 ut
520 1143 665 1194 cuique
693 1151 752 1183 est
780 1144 936 1183 animus
966 1144 1144 1193 uiresque
1174 1143 1343 1194 rapinae,

189 1209 327 1248 Tutari
355 1217 550 1248 conantur
578 1223 684 1260 opes.
743 1209 864 1259 gemit
893 1209 956 1248 ille
987 1210 1060 1248 sub
1090 1223 1196 1255 auro,

191 1274 351 1325 Colligit
380 1274 443 1313 ille
473 1288 581 1313 arma
609 1282 648 1313 et
678 1276 796 1313 stulta
824 1274 978 1313 ceruice
1007 1274 1173 1325 reponit,
1462 1282 1526 1321 615

192 1341 404 1378 Defectum
433 1339 552 1390 raptis
580 1339 691 1378 illum
721 1353 791 1378 sua
820 1339 994 1378 carmina
1022 1341 1189 1387 tardant,

191 1405 273 1444 Hic
303 1406 418 1444 uelox
447 1405 606 1443 minimo
636 1413 818 1455 properat
847 1405 921 1443 sub
951 1406 1127 1455 pondere
1157 1418 1315 1455 pauper,

190 1472 241 1508 Et
271 1471 380 1520 quod
409 1470 553 1520 cuique
582 1469 654 1508 fuit
683 1470 772 1517 cari,
804 1469 900 1520 fugit
930 1470 1013 1520 ipse
1043 1470 1116 1508 sub
1147 1469 1225 1507 illo.

188 1536 267 1574 Sed
297 1548 378 1574 non
407 1534 616 1574 incolumis
647 1534 854 1573 dominum
886 1549 957 1573 sua
986 1536 1131 1585 praeda
1160 1542 1296 1573 secuta
1325 1542 1382 1573 est
1399 1550 1406 1581 ;

188 1600 423 1640 Cunctantis
453 1608 566 1640 uorat
594 1599 694 1650 ignis
724 1607 763 1639 et
792 1600 970 1650 undique
999 1608 1118 1639 torret
1146 1613 1297 1646 auaros,
1461 1607 1527 1637 620

189 1665 536 1716 Consequiturque
564 1667 721 1716 fugasse
750 1665 841 1704 ratis
871 1673 909 1704 et
938 1665 1112 1716 praemia
1140 1665 1263 1715 captis

232 1770 298 1801 600
321 1769 372 1799 Tu
391 1769 555 1800 Clericus:
579 1770 664 1800 Cum
683 1768 801 1800 CrAr.
888 1768 1045 1799 humanis
1063 1768 1109 1799 Cr
1121 1767 1186 1800 Ar.
1203 1780 1210 1799 ε
1235 1769 1402 1799 humanae
1418 1768 1533 1808 sca-[pst

190 1813 298 1853 plebis
319 1814 439 1852 scripsi
453 1824 492 1844 ex
513 1814 644 1853 plebeis
666 1812 758 1853 quod
777 1816 823 1844 est
840 1813 875 1843 in
899 1812 1004 1843 Rclzd.
1023 1814 1088 1844 60:
1114 1813 1270 1852 phoebus
1290 1812 1336 1842 Cr
1353 1811 1399 1842 ed.
1420 1821 1503 1850 1475
1523 1824 1528 1842 :

190 1857 322 1897 phebus
338 1857 402 1888 Ar.
420 1868 427 1887 :
451 1857 553 1888 rebus
570 1857 652 1889 Ald.
675 1866 756 1895 1534
773 1857 876 1897 uulgo
999 1858 1060 1886 601
1086 1856 1202 1895 syrius
1222 1855 1269 1886 Cr
1368 1856 1465 1886 ardet
1484 1855 1527 1887 C:

189 1901 315 1932 ardens
341 1911 360 1931 r
382 1900 476 1932 Ar.:
515 1911 617 1940 rupes
644 1901 700 1931 ubi
725 1900 896 1931 Trinacris
923 1900 1020 1931 ardet
1049 1899 1240 1930 Baehrens:
1273 1899 1359 1938 iugis
1390 1900 1527 1929 feruens

190 1944 247 1975 ubi
273 1945 406 1976 Sicanis
430 1955 491 1974 arx
515 1950 565 1976 est
588 1955 645 1984 ego
668 1945 748 1975 olim
881 1945 945 1982 603
969 1953 1171 1983 quamquam
1196 1953 1270 1974 sors
1296 1943 1417 1973 nobilis
1438 1942 1527 1981 ignis

192 1987 238 2019 Cr
252 1988 317 2019 Ar.
409 1987 513 2026 ignist
531 1988 679 2018 Mamm:
710 1998 910 2027 quamquam
928 1998 1011 2018 sons
1029 1987 1063 2019 C.
1083 1987 1204 2017 Barth.
1220 1998 1227 2017 :
1257 1997 1356 2026 quam
1372 1986 1428 2025 qui
1445 1996 1527 2016 sons

189 2030 348 2071 Sauppe:
386 2041 486 2070 quarn
509 2042 577 2071 quo
601 2042 684 2062 sons
709 2031 901 2062 Baehrens:
936 2041 1035 2070 quam
1060 2041 1153 2069 sons,
1181 2035 1248 2060 tam
1273 2030 1400 2061 nobilis
1426 2030 1528 2068 ignist

189 2075 304 2115 scripsi
388 2077 453 2114 605
473 2076 570 2114 ignes
585 2075 702 2107 CrAr.
719 2087 726 2105 :
751 2075 839 2114 ignis
850 2074 931 2105 Ald.
947 2084 1038 2113 1534,
1056 2074 1198 2104 Clericus
1213 2085 1219 2103 :
1244 2073 1367 2113 ingens
1381 2073 1531 2113 Scaltger

190 2120 256 2149 606
272 2119 307 2149 in
324 2118 497 2158 longumst
513 2119 642 2150 Munro
739 2118 861 2158 lapidis
881 2118 929 2148 C:
953 2118 1081 2157 rapidis
1100 2129 1118 2147 r
1131 2118 1197 2148 Ar.
1332 2119 1398 2148 608
1422 2117 1525 2147 telum

190 2162 347 2202 Postgate
435 2167 549 2203 torpet
571 2162 725 2202 Scaliger,
747 2166 775 2192 et
790 2163 835 2192 st'c
849 2166 995 2202 excerpta
1011 2161 1192 2191 Fitltoemm
1325 2162 1390 2199 609
1416 2160 1526 2190 mollia

190 2204 361 2246 Scaliger:
385 2205 489 2237 millia
508 2206 574 2237 Cr:
597 2206 688 2236 milia
703 2205 769 2238 Ar.
789 2217 796 2237 :
820 2206 912 2236 mitia
929 2206 1091 2236 Heinsius
1240 2205 1306 2234 610
1330 2214 1405 2234 cum
1424 2204 1526 2234 domi-

191 2249 288 2280 busr
383 2250 547 2281 rubebant
579 2249 728 2280 Munro:
762 2250 908 2281 urebant
939 2249 988 2280 C:
1022 2249 1177 2278 uirebant
1204 2259 1242 2278 r:
1268 2248 1420 2278 uirentes
1451 2247 1531 2277 Itali

190 2294 251 2323 611
279 2292 419 2324 nouisse
446 2294 496 2324 C:
519 2295 670 2325 mouisse
689 2305 708 2323 r
806 2293 1018 2324 tremendum
1042 2296 1189 2331 excerpta
1213 2291 1406 2329 Pithocana,
1433 2290 1526 2321 Iacob

190 2337 255 2374 613
272 2337 553 2376 uirescerapinae
567 2337 614 2369 C:
631 2337 722 2368 uires
736 2336 937 2376 animusque
956 2335 1094 2375 rapinae
1110 2335 1197 2366 rAr.
1217 2346 1224 2365 :
1241 2335 1368 2374 rapinis
1383 2335 1524 2365 Helmst.

190 2381 255 2418 615
280 2390 411 2411 summa
434 2385 578 2421 excerpta
602 2381 783 2412 Pitlzoeana
966 2381 1031 2410 616
1054 2390 1116 2410 sua
1139 2379 1273 2409 sarcina
1298 2380 1409 2410 tardat
1432 2378 1527 2408 Iacob

190 2424 253 2461 617
279 2423 417 2454 minimo
434 2424 551 2465 Dorat‚
571 2429 598 2455 ct
612 2426 657 2455 sic
668 2428 812 2465 excerpta
828 2424 1010 2454 Pithoeana
1026 2434 1032 2453 :
1058 2422 1159 2453 nimio
1179 2422 1224 2452 Cr
1237 2422 1303 2453 Ar.
1462 2423 1526 2451 618

190 2467 282 2506 quod
299 2477 443 2507 cumque
461 2479 479 2498 r
493 2467 556 2500 Ar.
707 2470 769 2499 621
796 2468 1092 2507 Consequiturque
1112 2466 1158 2497 C:
1183 2465 1411 2505 Consequitur
1429 2467 1526 2506 (-que

832 2535 876 2571 71
