1783 2876
702 224 896 262 AETNA

131 338 246 387 Quae
276 337 454 374 flammas
482 333 671 372 alimenta
699 340 856 380 uocent,
887 339 989 383 quot
1015 333 1160 372 nutriat
1189 335 1345 373 Aetna:
1405 341 1468 381 385

131 399 300 440 Incendi
329 406 524 450 poterunt.
585 397 659 436 illis
688 399 903 436 uernacula
931 398 1059 436 causis

131 465 299 504 Materia
326 464 635 515 adpositumque
664 463 744 514 igni
773 477 897 514 genus
927 463 1022 502 utile
1051 471 1220 503 terraest.

128 530 262 569 Vritur
289 529 447 569 assidue
477 529 628 569 calidus
658 542 765 567 nunc
795 529 993 580 sulphuris
1023 542 1148 576 umor,

128 597 248 634 Nunc
278 595 425 646 spissus
456 595 595 633 crebro
624 594 836 645 praebetur
864 594 1043 633 alumine
1072 607 1201 633 sucus.

127 660 279 711 Pingue
309 660 490 699 bitumen
518 661 632 699 adest
660 667 699 698 et
728 659 923 710 quidquid
952 659 1177 698 comminus
1207 659 1306 698 acris
1403 675 1466 709 390

128 725 259 764 Irritat
287 727 494 763 flammas:
533 724 635 763 illius
664 724 840 774 eorporis
869 726 1001 763 Aetna
1030 732 1099 764 est.

127 793 261 841 Atque
290 792 393 829 hane
423 789 627 828 materiam
656 789 814 840 penitus
844 789 1071 837 discurrere,
1103 791 1233 829 fontes

129 857 306 895 Infectae
332 855 545 906 crispantur
572 868 698 904 aquae
727 854 859 893 radice
889 855 963 893 sub
992 855 1087 906 ipsa.

128 923 222 959 Pars
251 920 376 959 oculis
406 919 614 958 manifesta
642 919 755 966 iacet,
787 933 889 970 quae
919 920 1061 959 robore
1091 921 1189 959 dura
1218 927 1277 959 est

127 988 188 1024 Ae
216 985 338 1036 lapis:
377 984 418 1023 in
446 984 584 1035 pingui
613 985 767 1023 seruent
796 984 982 1024 incendia
1011 998 1118 1024 suco.
1402 1001 1465 1034 395

128 1050 238 1100 Quin
267 1050 385 1089 etiam
415 1049 522 1088 uarie
551 1050 750 1100 quaedam
779 1049 864 1088 sine
893 1050 1057 1089 nomine
1087 1064 1178 1089 saxa

127 1117 234 1155 Toto
263 1123 399 1154 monte
428 1115 608 1166 liquent:
646 1114 722 1154 illis
751 1115 934 1154 custodia
963 1117 1147 1154 flammae

127 1182 232 1219 Vera
261 1188 457 1230 tenaxque
487 1181 579 1219 data
607 1188 678 1219 est.
737 1181 816 1219 Sed
846 1179 1017 1219 maxima
1045 1194 1165 1220 causa
1194 1180 1357 1220 molaris

129 1245 240 1284 Illius
270 1245 430 1284 incendi
459 1245 558 1296 lapis
587 1253 670 1293 est3
710 1246 744 1283 is
772 1244 950 1284 uindicat
979 1247 1163 1284 Aetnam.

129 1313 261 1361 Quem
291 1311 324 1349 si
352 1312 451 1349 forte
480 1324 602 1349 manu
630 1318 777 1358 teneaS,
809 1323 855 1348 ac
884 1310 1025 1350 robore
1055 1324 1203 1358 cernas,
1402 1327 1466 1358 400

128 1377 215 1415 Nee
244 1377 394 1415 feruere
423 1384 548 1426 putes,
580 1375 712 1426 ignem
741 1389 816 1414 nec
845 1389 1025 1426 spargere
1053 1389 1182 1426 posse.

128 1442 207 1480 Sed
237 1441 354 1480 simul
382 1454 429 1479 ac
458 1442 559 1479 ferro
589 1454 765 1490 quaeras,
797 1442 1022 1491 respondet,
1054 1449 1093 1480 et
1122 1441 1203 1480 ictu

127 1506 321 1546 Scintillat
349 1507 487 1545 dolor:
525 1507 632 1544 hune
663 1505 796 1544 multis
826 1505 975 1544 circum
1004 1506 1108 1545 inice
1137 1506 1318 1553 flammis,

128 1573 181 1610 Et
209 1580 342 1622 patere
371 1579 604 1621 extorquere
633 1570 789 1609 animos
819 1578 939 1621 atque
968 1585 1067 1610 exue
1097 1572 1227 1610 robur.

171 1660 234 1698 385
258 1659 410 1689 flammas
429 1657 474 1688 Cr
485 1657 622 1690 Arund.
642 1669 650 1689 ι
678 1658 785 1689 ssamis
803 1669 824 1690 v
923 1664 1048 1689 uocent
1066 1658 1132 1690 Crv
1147 1658 1285 1690 Arund.
1306 1658 1466 1699 quodpro

128 1708 251 1734 uacent
267 1703 414 1744 positum
443 1705 537 1732 ratus
563 1706 609 1732 est
634 1702 761 1732 Munro
870 1708 954 1742 quot
983 1702 1120 1742 scripsi:
1154 1703 1234 1742 quid
1272 1702 1342 1733 Cv':
1376 1704 1465 1742 quod

129 1757 148 1776 r
162 1746 298 1778 Arund.
415 1745 541 1776 nutriat
559 1745 625 1776 Crv
639 1745 777 1777 Arund.
894 1746 1055 1777 aethnam
1074 1746 1102 1777 C
1117 1758 1123 1777 :
1148 1747 1253 1777 ethna
1270 1757 1308 1777 νυ
1324 1746 1461 1777 Arund.

127 1788 256 1820 Locum
273 1790 318 1821 sic
331 1790 495 1821 constituit
506 1789 633 1820 Munro
647 1789 745 1820 Nunc
758 1795 923 1829 superant
935 1800 1170 1830 quaecumque
1182 1791 1291 1829 rigant
1308 1790 1467 1820 incendia

129 1833 259 1871 siluae;
284 1834 382 1873 Quae
403 1834 546 1864 flammis
569 1833 729 1864 alimenta
753 1838 890 1873 uocant,
910 1835 1001 1873 quod
1025 1835 1153 1864 nutriet
1173 1833 1296 1873 Aetna,
1325 1833 1463 1864 Incendi

129 1883 300 1917 poterunt.
349 1877 513 1908 Sudhaus
527 1878 573 1907 sic
596 1877 694 1907 Nunc
718 1883 881 1917 superant
904 1888 1138 1917 quaecumque
1162 1882 1284 1916 regant
1306 1878 1465 1908 incendia

129 1921 246 1960 siluae,
267 1921 365 1960 Quae
382 1922 533 1952 flammas
549 1920 712 1951 alimenta
728 1925 863 1960 uocent,
883 1921 963 1960 quid
982 1921 1109 1952 nutriet
1126 1921 1274 1951 Aetnam
1400 1922 1465 1960 386

131 1964 272 1996 Incendi
291 1976 321 2004 p.
340 1976 416 1996 cum
433 1963 640 2004 sequentibus
655 1964 810 2005 iungebat
825 1964 987 1995 Sudhaus
1032 1972 1035 1976 ·
1105 1965 1168 2004 387
1193 1964 1286 1995 altile
1302 1963 1335 1993 A
1341 1964 1468 2004 Izinger

130 2013 275 2040 terraest
293 2007 509 2047 Wernsdoffz
533 2012 666 2039 terrent
684 2008 749 2039 Crv
766 2019 774 2039 τ
797 2013 930 2039 torrent
946 2008 1096 2049 Scaliger
1201 2009 1266 2047 388
1290 2008 1463 2047 sulphuris

130 2051 252 2083 humor
270 2052 315 2083 Cr
462 2053 527 2091 389
551 2052 698 2082 alumine
714 2051 811 2082 Iacob
826 2063 835 2082 2
859 2052 995 2083 numine
1015 2052 1060 2083 C:
1084 2052 1209 2082 uimine
1227 2062 1247 2082 v
1263 2052 1354 2092 quod
1367 2052 1464 2082 inter-

125 2099 275 2136 pretatus
296 2099 343 2127 est
367 2095 558 2126 Gronouius
587 2095 769 2127 Obseruatt.
796 2095 827 2127 ii.
853 2097 898 2126 6:
927 2096 1051 2135 prebet
1075 2095 1261 2126 munimine
1286 2107 1305 2125 r
1325 2095 1460 2126 Arund.

130 2149 196 2178 390
220 2139 377 2179 quiequid
397 2139 441 2170 Cr
521 2149 586 2178 393
607 2138 797 2179 crispantur
813 2140 946 2179 szrzpsi:
970 2140 1158 2179 eripiantur
1175 2139 1221 2170 Cv
1236 2138 1464 2178 quodsrustra

132 2183 235 2213 tuitus
250 2187 296 2214 est
309 2182 473 2214 Sudhaus
488 2194 495 2213 :
520 2182 666 2222 eripiant
683 2194 702 2213 r
714 2182 854 2214 Arund.
869 2194 881 2214 ⁴.
912 2183 1058 2223 eripient
1076 2188 1110 2214 et
1126 2183 1246 2223 Haupt
1260 2194 1267 2212 :
1295 2187 1465 2213 testantur

131 2225 264 2265 Maelzly
333 2237 419 2269 aque
434 2238 468 2257 r:
492 2231 593 2266 atque
613 2226 640 2257 C
704 2236 767 2265 394
792 2226 1087 2266 corporeArund.
1158 2237 1221 2267 395
1245 2225 1402 2265 inpingui
1419 2225 1464 2256 C:

131 2275 166 2300 at
179 2269 295 2309 pingui
307 2269 400 2301 Iacob
489 2272 554 2310 396
570 2271 644 2301 sine
657 2271 792 2301 nomine
806 2270 970 2302 rArund.
993 2282 1000 2301 ε
1021 2271 1096 2301 sine
1111 2270 1249 2300 numine
1265 2269 1311 2300 Cv
1400 2279 1462 2309 397

131 2313 264 2352 liquent
282 2313 326 2344 Cr
340 2313 494 2345 Arzmd.:
527 2314 657 2354 liquant
673 2324 693 2344 v
709 2313 836 2345 Munro
923 2314 990 2353 398
1015 2314 1102 2345 Sera
1118 2317 1264 2354 excerpta
1280 2313 1463 2344 Pithoeana

131 2356 219 2387 mola
233 2357 322 2388 acris
337 2357 383 2388 C:
400 2357 557 2388 molatrix
568 2368 633 2389 om.
647 2368 748 2388 causa
761 2368 782 2388 v
799 2369 806 2389 :
822 2357 960 2389 molaris
974 2369 993 2388 r
1078 2368 1142 2397 399
1158 2357 1315 2388 incendia
1329 2369 1348 2387 r
1412 2363 1464 2388 est

131 2399 160 2430 is
172 2400 315 2431 Munro:
339 2401 424 2440 lapis
437 2406 490 2432 est
502 2402 530 2431 si
546 2401 593 2432 C:
617 2401 702 2441 lapis
716 2401 764 2432 sic
779 2412 797 2431 r
809 2401 942 2433 Arund.
959 2412 966 2432 :
989 2401 1110 2441 lapidis
1125 2400 1172 2431 sic
1186 2412 1227 2432 v:
1251 2401 1278 2431 is
1291 2401 1353 2431 sibi
1369 2400 1463 2432 Cleri-

132 2454 206 2474 cus:
224 2449 285 2482 est,
301 2444 364 2474 sibi
377 2443 561 2475 Sudhaus:
586 2449 638 2475 est
651 2445 705 2475 hic
716 2444 813 2475 Iacob
889 2456 954 2484 400
970 2447 1008 2475 ac
1022 2445 1068 2475 C:
1091 2455 1110 2475 a
1128 2456 1147 2474 r
1188 2445 1310 2475 robora
1325 2444 1465 2476 Clericus

130 2490 160 2517 ct
174 2491 315 2528 excerpta
331 2487 512 2518 Pithoeana
616 2498 680 2527 403
697 2489 793 2519 dolor
811 2488 877 2520 Crv
893 2488 1028 2520 Arund.
1051 2501 1058 2520 z
1082 2488 1175 2519 calor
1191 2488 1236 2519 ed.
1256 2487 1335 2520 Par.
1359 2498 1438 2527 1507
1457 2500 1463 2518 2

131 2531 225 2562 color
240 2531 287 2563 ed.
307 2530 394 2563 Rub.
418 2541 501 2571 1475
561 2531 628 2563 isse
640 2537 704 2573 pro
720 2532 809 2563 inice
827 2544 846 2562 r
858 2532 995 2564 Arund.
1089 2542 1153 2571 404
1178 2536 1275 2572 pater
1293 2543 1311 2562 r
1324 2532 1461 2562 Arund.

769 2590 820 2626 49
1306 2588 1330 2614 E
