1783 2876
693 204 847 241 AETN
853 204 888 241 A

125 314 296 351 Exustus
325 311 481 363 penitus
512 311 623 350 uenis
653 311 759 350 subit
787 311 902 349 altius
933 325 1057 350 umor.
1397 320 1460 359 4‘30

123 376 290 415 Amissis
319 376 462 427 opibus
491 375 589 414 leuis
619 384 657 415 et
686 375 771 414 sine
801 377 978 426 pondere
1007 389 1152 426 pumex

124 441 351 480 Excutitur:
391 440 519 490 liquor
548 439 612 478 ille
643 439 765 490 magis
795 441 945 478 feruere
974 440 1179 490 magisque

123 505 315 544 Fluminis
344 504 384 543 in
414 504 586 555 speciem
617 504 722 542 mitis
751 505 966 555 procedere
995 506 1157 543 tandem

123 569 268 620 Incipit
298 578 335 608 et
361 569 490 620 pronis
520 569 686 608 demittit
715 569 882 608 collibus
912 571 1051 608 undas.

122 636 218 674 Illae
248 635 437 686 paulatim
466 634 526 674 bis
557 648 651 673 sena
680 634 720 672 in
750 634 858 673 milia
885 642 1063 685 pergunt.
1398 644 1461 682 485

122 700 283 750 Quippe
311 700 409 738 nihil
438 708 610 747 reuocat,
643 700 752 738 certis
781 700 879 738 nihil
909 700 1065 750 ignibus
1095 701 1231 747 obstat,

122 766 243 803 Nulla
271 773 379 804 tenet
408 766 548 803 frustra
576 767 712 812 moles,
745 765 861 803 simul
891 765 1026 804 omnia
1054 773 1242 815 pugnant.

122 831 241 869 Nunc
271 830 393 868 siluae
422 843 619 880 rupesque
648 838 800 877 natant,
831 831 897 868 hie
927 838 1037 868 terra
1066 832 1286 880 solumque,

123 896 209 945 Ipse
237 895 388 933 adiutat
417 908 513 945 opes
543 894 757 944 facilesque
786 894 862 933 sibi
890 894 1019 933 induit
1048 894 1187 933 amnis.

121 961 243 1010 Quod
273 959 304 998 si
333 961 433 998 forte
461 959 569 998 cauis
600 968 807 998 cunctatus
836 959 1006 998 uallibus
1036 960 1173 1007 haesit,
1398 978 1463 1008 490

120 1027 269 1076 thote
298 1025 516 1075 inaequalis
546 1026 713 1064 uoluens
744 1024 989 1076 perpascitur
1017 1038 1157 1076 agros,·

122 1090 374 1141 Ingeminant
403 1092 546 1129 fluctus
576 1098 615 1129 et
644 1091 840 1129 stantibus
870 1090 1047 1141 increpat
1076 1090 1206 1137 undis,

121 1155 247 1207 (Sicut
277 1169 368 1194 cum
399 1155 580 1206 rapidum
610 1169 733 1194 curuo
762 1169 870 1194 mare
899 1157 1081 1194 cernulat
1107 1156 1250 1206 aestu,)

121 1222 181 1258 Ac
210 1219 381 1270 primum
411 1219 540 1258 tenuis
569 1219 716 1258 simans
745 1219 834 1271 agit,
867 1219 1070 1259 ulteriores

122 1350 382 1400 Progrediens
412 1351 491 1389 late
521 1350 755 1389 diffunditur
783 1358 822 1389 et
851 1363 1088 1389 succernens
1396 1366 1460 1398 495

123 1480 307 1519 Flumina
335 1481 557 1519 consistunt
585 1480 678 1531 ripis
707 1494 753 1519 ac
783 1480 924 1531 frigore
953 1482 1107 1528 durant,

121 1545 398 1596 Paulatimque
427 1545 536 1596 ignes
566 1553 723 1593 coeunt,
754 1559 801 1584 ac
830 1548 1015 1585 flammea
1044 1546 1181 1585 messis

122 1611 288 1650 Exuitur
317 1611 448 1650 facies.
508 1619 592 1650 tum
622 1611 749 1662 prima
777 1619 820 1650 ut
849 1624 1032 1662 quaeque
1063 1611 1217 1662 rigescit

168 1733 234 1771 480
258 1732 392 1764 Exutus
409 1744 428 1762 r
440 1732 504 1764 Ar.
605 1732 675 1763 abit
691 1731 794 1763 altilis
810 1733 981 1764 Baehrens
1074 1732 1197 1763 humor
1215 1732 1261 1764 Cr
1399 1734 1463 1772 482

126 1776 400 1816 Exquoquiturr
542 1777 606 1815 483
646 1777 736 1807 mitis
770 1776 838 1807 Cr:
877 1788 961 1807 num
993 1775 1089 1808 miri?
1238 1778 1301 1816 484
1343 1778 1462 1816 pronis

123 1820 298 1861 Suringar
318 1825 346 1851 et
369 1819 517 1851 Munro:
542 1820 659 1859 prunis
685 1820 732 1850 C:
756 1820 872 1860 primis
896 1820 960 1852 Αν.
1064 1820 1203 1851 dimittit
1229 1820 1291 1851 Cr:
1315 1821 1462 1852 demittit

123 1863 273 1904 Scaliger
403 1864 469 1902 486
493 1864 595 1895 certis
624 1863 836 1903 Wernsdorsf:
863 1865 968 1895 curtis
995 1863 1041 1895 C:
1066 1865 1167 1895 cartis
1193 1876 1212 1894 r
1231 1864 1320 1896 Ar.:
1348 1865 1462 1895 curuis

123 1908 254 1938 Munro
269 1911 298 1938 el
311 1907 356 1938 sic
370 1911 518 1948 excerpta
534 1907 716 1938 Pithoeana
731 1918 739 1938 :
757 1907 857 1938 tortis
874 1908 952 1938 Bm
1039 1913 1129 1938 ostat
1143 1908 1170 1938 C
1255 1909 1320 1946 488
1343 1913 1462 1938 notant

125 1951 171 1982 Cr
189 1953 279 1982 Ar.:
326 1956 423 1982 uorat
472 1951 585 1982 Cors.:
622 1956 736 1982 rotant
775 1949 987 1991 lVernsdorf:
1024 1957 1151 1982 uocant
1185 1951 1280 1981 Iacob
1299 1962 1306 1982 :
1344 1956 1462 1982 natant

122 1995 294 2026 Baehrens
426 1995 527 2026 Nunc
555 1994 661 2026 siluas
688 2005 858 2034 rupesque
883 2000 1018 2034 uorant,
1049 2006 1139 2026 nunc
1170 1999 1261 2026 terra
1285 1995 1461 2034 solumque

125 2038 241 2078 Ipsum
267 2049 297 2070 a.
324 2049 352 2070 o.
381 2039 504 2077 Haupt
643 2039 708 2078 489
734 2039 812 2078 Ipsa
845 2038 891 2069 Cr
905 2040 994 2070 An:
1028 2038 1107 2078 Ipse
1138 2038 1306 2078 Scaliger:
1346 2039 1460 2078 Ipsum

126 2081 268 2113 Clericus
283 2093 380 2122 quem
397 2086 555 2113 secuntur
563 2082 707 2122 plerique
810 2082 910 2113 annis
927 2094 946 2112 r
958 2082 992 2112 A
998 2093 1022 2114 r.
1181 2092 1246 2121 490
1269 2082 1405 2113 uasibus
1423 2094 1460 2112 r:

126 2125 278 2156 saucibus
300 2126 509 2156 Christianus
532 2125 672 2156 Crusius
691 2135 774 2165 1753
900 2136 961 2165 491
989 2126 1157 2165 inequalis
1175 2126 1223 2157 C:
1253 2126 1429 2165 inequales
1448 2138 1466 2156 r

125 2170 338 2208 prepascitur
351 2170 416 2201 Ar.
438 2182 445 2200 :
470 2170 541 2200 Aut
558 2180 620 2209 per
635 2170 747 2209 inaeq.
767 2181 800 2201 u.
818 2170 1046 2209 compescitur
1062 2181 1092 2201 a.
1109 2169 1242 2208 Maelzly
1396 2180 1462 2209 492

128 2212 346 2252 Ingeminant
373 2213 401 2244 C
423 2225 442 2243 r
462 2213 525 2244 Ar.
546 2224 553 2243 :
579 2213 773 2252 Ingeminat
797 2213 843 2244 ed.
872 2223 956 2252 1475
1105 2223 1169 2252 493
1194 2213 1292 2243 turbo
1321 2211 1466 2244 Vollmer

126 2257 286 2287 cernulus
327 2256 354 2287 C
381 2256 446 2288 Ar.
466 2268 473 2287 :
519 2256 649 2298 teFulus
688 2268 728 2287 r:
766 2262 906 2287 cernuat
948 2256 1104 2287 Gronov:
1150 2257 1304 2287 cernulat
1342 2256 1463 2287 Iacob:

126 2299 299 2330 cernimus
324 2300 472 2330 Munro:
504 2301 664 2331 cernulus
691 2300 824 2331 retinuit
856 2300 1019 2331 Sudhaus
1057 2311 1098 2330 sc.
1139 2300 1249 2330 amnis
1396 2311 1461 2339 494

125 2343 239 2374 tenuis
266 2344 350 2374 imas
381 2345 452 2382 agit
472 2343 520 2375 C:
548 2345 662 2375 tenuis
679 2368 686 2376 .
707 2368 714 2375 .
733 2368 740 2376 .
761 2345 830 2383 agit
854 2355 874 2374 r
897 2344 973 2385 (sic)
992 2355 999 2374 ε
1031 2345 1134 2374 simas
1157 2342 1345 2375 Helmstad.
1373 2344 1463 2374 unde

124 2386 252 2417 Munro
282 2387 408 2427 scripsit
437 2387 490 2418 Ac
524 2388 666 2427 primum
701 2388 825 2427 tenuis,
855 2388 959 2419 simas
990 2387 1060 2427 agit
1092 2388 1296 2418 ulteriores:
1333 2388 1461 2418 simans

123 2430 248 2470 scripsi.
318 2430 400 2461 Post
421 2441 485 2470 494
509 2431 665 2461 lacunam
685 2431 786 2472 posui
946 2441 1010 2472 495
1034 2431 1115 2462 Post
1136 2431 1225 2460 lzunc
1245 2441 1278 2462 u.
1303 2430 1461 2462 lacunam

123 2474 242 2504 statuit
256 2472 382 2505 Munro
469 2475 535 2514 496
558 2477 596 2506 ac
617 2474 644 2506 C
729 2485 792 2514 497
811 2477 850 2507 ac
870 2474 898 2506 C
1008 2475 1126 2506 massis
1143 2474 1316 2505 D'Oruille

766 2542 815 2581 59
