1783 2876
711 206 905 244 AETNA

141 317 191 354 Et
219 329 337 367 graue
367 315 441 353 sub
470 322 570 353 terra
599 328 775 353 murmur
803 316 1048 354 demonstrat
1077 325 1115 355 et
1145 317 1265 368 ignes.

139 383 243 420 Tum
274 380 464 431 pauidum
493 381 637 430 sugere,
669 389 707 419 et
737 380 855 419 sacris
885 383 1107 421 concedere
1136 383 1264 430 rebus,

139 447 214 484 Par
241 446 337 493 erit3
376 458 428 484 ex
457 453 543 484 tuto
572 445 838 495 speculaberis
869 445 1004 485 omnia
1033 448 1136 485 colli.

138 512 242 549 Nam
272 510 404 549 subito
433 512 623 549 efferuent
651 512 848 549 honerosa
876 510 1062 550 incendia
1090 512 1221 562 raptis,
1412 520 1452 561 4(
1459 529 1476 560 5

139 577 342 614 Accensae
371 576 544 614 subeunt
574 577 710 623 moles,
742 583 986 626 truncaeque
1015 576 1151 616 ruinae

137 641 384 679 Prouoluunt
413 642 542 690 adque
570 648 671 679 astra
700 647 843 679 sonant
873 641 1054 680 examina
1082 643 1263 681 harenae.

138 705 252 745 Illinc
282 705 454 745 incertae
483 705 602 744 facies
632 705 923 756 hominumque
953 707 1122 757 figurae:

137 772 230 810 Pars
259 771 435 822 lapidum
467 771 629 819 domita,
661 771 799 810 stantis
827 785 915 822 pars
945 773 1087 811 robora
1115 786 1283 823 pugnae,

137 837 223 875 Nec
253 836 384 887 recipit
414 837 593 874 flammas
610 851 620 884 ;
658 836 751 875 hinc
781 838 1002 876 indefessus
1031 839 1192 876 anhelat
1411 855 1476 888 470

135 903 269 951 Atque
297 901 421 951 aperit
451 914 492 941 se
521 901 657 949 hostis,
690 902 882 941 decrescit
912 902 1070 953 spiritus
1101 903 1219 942 illinc.

136 967 260 1005 Haud
289 967 401 1006 aliter
429 980 550 1017 quarn
580 980 671 1005 cum
702 968 805 1006 laeto
836 967 994 1006 deuicta
1024 976 1187 1019 tropaeo

135 1033 265 1071 Prona
293 1031 394 1071 iacet
423 1032 574 1083 campis
603 1032 708 1071 acies
738 1040 776 1071 et
806 1041 931 1072 castra
961 1034 1036 1072 sub
1065 1033 1160 1084 ipsa.

133 1098 238 1135 Tum
269 1097 301 1136 si
330 1097 418 1148 quis
446 1097 625 1148 lapidum
657 1111 815 1137 summo
844 1098 1042 1149 pertabuit
1071 1099 1162 1149 igni,

133 1162 320 1213 Asperior
348 1162 474 1213 sopito
503 1170 541 1201 et
570 1164 767 1213 quaedam
794 1163 955 1202 sordida
984 1165 1070 1203 faex
1100 1172 1169 1212 est,
1409 1181 1474 1215 455

135 1228 304 1276 Qualem
335 1235 501 1277 purgato
530 1240 667 1266 cernes
697 1227 878 1266 desidere
908 1228 1019 1267 ferro.

132 1293 281 1330 Verum
312 1292 380 1330 ubi
410 1292 600 1342 paulatim
631 1292 784 1331 exsiluit
814 1293 970 1332 sublata
998 1293 1160 1332 caducis

133 1357 348 1407 Congeries
378 1357 491 1405 saxis,
522 1366 691 1407 angusto
721 1357 869 1396 uertice
896 1366 1070 1408 surgunt,

133 1422 196 1461 Sic
226 1423 349 1461 ueluti
378 1422 418 1461 in
448 1424 607 1461 fornace
636 1422 734 1473 lapis
764 1430 931 1462 torretur
960 1431 998 1462 et
1027 1423 1157 1463 omnis

131 1526 265 1565 ictaque
290 1526 391 1557 ramis
418 1525 484 1557 Cr:
515 1531 618 1565 atque
643 1526 808 1557 tremiscit
832 1526 975 1568 Haupt:
1008 1538 1093 1558 num
1118 1528 1226 1558 raris?
1261 1539 1306 1558 an
1330 1533 1472 1568 actaque

131 1570 251 1601 rimis?
296 1566 380 1601 Pos't
395 1571 484 1600 hunc
503 1581 535 1601 u.
556 1570 713 1600 lacunam
736 1571 855 1600 notaui
963 1572 1028 1609 462
1054 1572 1232 1603 denuntiat
1254 1572 1355 1610 ignes
1378 1572 1474 1603 Iacob

131 1615 195 1653 463
218 1615 408 1645 concedere
436 1613 485 1645 C:
516 1614 704 1653 confugere
729 1625 748 1644 r
768 1613 832 1645 Ar.
852 1625 859 1645 :
892 1614 984 1654 quod
1007 1625 1046 1645 ex
1073 1625 1281 1655 consurgere
1305 1618 1477 1657 corrumpi

124 1658 234 1698 potuit
363 1659 427 1696 464
455 1657 521 1688 Par
537 1658 602 1688 erit
618 1657 788 1698 Scaliger:
813 1657 939 1688 Parere
958 1658 1004 1688 Cr
1021 1659 1083 1690 Ar.
1102 1670 1109 1689 :
1135 1659 1199 1690 Par
1215 1670 1291 1690 rere
1309 1659 1474 1691 Sudhaus

132 1711 175 1731 ex
191 1701 326 1741 scripsi:
351 1706 384 1732 et
403 1700 449 1731 Cr
462 1701 525 1732 Ar.
544 1713 551 1732 τ
575 1712 594 1732 e
612 1701 768 1741 Scaliger,
788 1704 817 1731 et
830 1701 876 1732 sic
890 1706 1037 1742 excerpta
1053 1702 1237 1733 Pithoeana
1396 1704 1473 1734 colli

132 1744 339 1776 Sloanianus
363 1748 392 1775 et
412 1744 459 1776 ed.
487 1744 597 1776 Paris.
629 1754 734 1784 1507:
758 1745 854 1776 collis
881 1745 927 1776 Cr
947 1745 1013 1777 Ar.
1039 1746 1132 1786 quod
1153 1747 1286 1777 retinuit
1307 1746 1473 1778 Sudhaus

131 1790 194 1827 465
234 1799 434 1819 numerossa
472 1789 605 1819 incedia
623 1800 642 1820 ν
744 1788 838 1828 rupis
881 1789 1028 1820 Ulitius:
1067 1791 1188 1830 raptim
1228 1790 1476 1831 Struclttmqyer

131 1833 196 1870 466
207 1837 397 1872 ⁷tructeque
413 1844 432 1863 r
578 1834 642 1872 467
666 1833 776 1872 adque
793 1837 888 1863 astra
903 1834 1021 1873 scripsi
1035 1844 1042 1864 ε
1065 1839 1168 1873 atque
1184 1841 1275 1865 astra
1292 1833 1339 1865 ed.
1357 1834 1468 1867 Paris.

134 1885 240 1915 1507:
265 1881 366 1916 atque
391 1881 464 1907 atra
488 1875 534 1906 Cr
676 1878 750 1916 468,
782 1878 847 1915 469
875 1887 941 1907 om.
974 1888 993 1907 r
1014 1876 1078 1908 Ar.
1216 1879 1281 1916 469
1312 1878 1472 1909 domitast

131 1918 259 1950 Munro
347 1919 470 1951 stantis
499 1918 650 1951 Munro:
691 1919 794 1951 stanti
827 1920 856 1950 C
884 1919 975 1960 quod
1011 1920 1144 1950 retinuit
1179 1921 1277 1952 Birt:
1316 1932 1401 1951 num
1438 1928 1472 1953 at

130 1963 274 1995 stantis?
382 1973 448 2003 470
472 1964 591 2002 recipit
609 1975 628 1994 r
640 1964 706 1995 Ar.
726 1975 733 1994 :
758 1963 847 2002 repit
866 1963 894 1994 C
981 1964 1132 1994 flammas
1148 1965 1228 1995 hinc
1243 1965 1405 1995 defensus
1424 1965 1471 1996 C:

132 2007 284 2038 flammas
315 2007 386 2045 (-as
418 2006 497 2046 Ar.)
530 2018 593 2038 nec
625 2008 679 2038 hic
711 2007 808 2046 (hinc
844 2006 931 2045 Ar.)
957 2007 1114 2038 defessus
1145 2019 1164 2038 r
1190 2008 1279 2039 An:
1317 2009 1371 2039 hic
1404 2008 1469 2040 iam

132 2051 288 2082 defessus
314 2050 479 2083 Schenkl:
511 2052 620 2082 donec
647 2052 676 2083 d.
707 2051 806 2082 Birt:
838 2051 916 2081 hinc
944 2051 1143 2082 indefensus
1170 2052 1358 2082 Baehrens:
1389 2052 1469 2083 hinc

130 2095 324 2126 indefessus
360 2095 478 2136 scripsi
502 2094 627 2132 Journ.
655 2095 697 2134 of
717 2094 835 2125 Pln'lol.
861 2095 930 2126 xvi.
954 2100 990 2135 p.
1021 2096 1084 2134 308
1111 2096 1230 2135 (1887)
1257 2099 1285 2126 et
1310 2096 1355 2126 sic
1381 2106 1470 2126 nunc

131 2137 294 2169 Sudhaus
435 2148 497 2177 471
523 2142 561 2169 se
581 2138 628 2169 C:
651 2148 690 2169 se
707 2149 772 2169 om.
793 2137 888 2170 rAr.
989 2139 1078 2170 hosti
1095 2139 1244 2180 Scaliger
1340 2139 1407 2170 illic
1427 2139 1472 2171 Cr

131 2181 195 2213 Ar.
302 2181 395 2213 illinc
420 2182 536 2223 scripsi
677 2192 741 2221 472
766 2182 932 2221 trophaeo
959 2181 988 2213 C
1125 2193 1189 2222 473
1216 2183 1327 2214 Prima
1351 2183 1429 2214 iacit
1454 2195 1472 2213 r

132 2234 196 2264 475
223 2225 375 2265 sopitaes
401 2225 448 2257 C:
485 2226 636 2265 sospites
666 2225 884 2256 Corsinianus
916 2236 958 2264 43
985 2226 1019 2258 F.
1046 2236 1076 2265 3.
1104 2236 1166 2257 21:
1207 2227 1318 2266 sopita
1351 2233 1402 2257 est
1431 2238 1469 2258 r:

132 2268 244 2299 scobis
276 2268 316 2299 iis
347 2273 493 2309 excerpta
530 2269 736 2301 Pithoeana:
775 2269 913 2300 scabres
944 2268 1114 2310 Scaliger:
1151 2270 1263 2310 sopita
1303 2269 1469 2301 Clericus:

132 2313 246 2351 sopito
270 2311 402 2353 Maehly
425 2324 522 2353 quem
553 2318 683 2344 secutus
705 2324 807 2344 sum:
838 2313 974 2352 species
998 2313 1145 2344 Munro:
1177 2313 1292 2353 tophis
1314 2313 1468 2344 Franke:

133 2367 219 2386 num
254 2360 333 2395 post
375 2359 529 2388 aestum?
710 2358 776 2396 476
813 2366 935 2387 cernes
978 2357 1024 2388 Cr
1041 2359 1129 2388 An:
1175 2367 1296 2388 cernas
1341 2357 1469 2388 Munro

132 2399 343 2430 descendere
361 2410 399 2429 r:
423 2401 601 2431 discedere
618 2400 737 2431 Sloan.
855 2410 917 2440 477
943 2401 1062 2431 exiluit
1081 2400 1109 2431 C
1216 2402 1281 2440 478
1306 2405 1468 2442 (angusto

131 2443 260 2473 uertice
283 2445 444 2484 surgunt)
467 2443 689 2474 Hildebrandt
708 2449 743 2484 p.
776 2453 836 2483 103
868 2447 1046 2486 tamquam
1069 2444 1279 2485 parenthesin
1380 2445 1464 2483 sort.

131 2491 279 2526 angusto
307 2492 341 2518 et
478 2497 542 2527 479
565 2492 743 2528 torquetur
768 2499 786 2518 r

772 2555 819 2593 57
