1783 2876
723 232 875 271 AETN
880 233 917 270 A

158 353 412 402 Incomperta
440 351 505 389 uia
533 359 592 389 est
621 363 797 401 operum,
829 359 984 390 tantum
1015 352 1136 391 effluit
1165 352 1265 391 intra

156 483 400 532 Argumenta
428 482 582 520 dabunt
610 480 734 531 ignoti
763 494 856 520 uera
884 481 1081 532 profundi.

155 548 218 585 Tu
248 548 370 586 modo
399 546 562 585 subtiles
591 546 726 585 animo
755 548 857 586 duce
887 547 1045 598 percipe
1075 561 1198 594 curas,

155 611 445 662 Occultamque
475 613 594 651 fidem
625 611 841 650 manifestis
870 613 1054 651 abstrahe
1083 613 1210 651 rebus.
1429 628 1486 659 145

155 676 260 714 Nam
290 690 371 727 quo
400 677 558 716 liberior
586 690 747 727 quoque
776 685 834 715 est
863 677 1079 716 animosior
1107 677 1206 727 ignis

154 741 317 793 Semper
346 743 385 781 in
415 743 586 790 inclusis,
618 756 692 781 nec
722 741 850 781 uentis
880 742 1036 792 segnior
1064 742 1118 780 ira
1148 749 1206 781 est

152 807 235 846 Sub
266 815 365 847 terra
393 808 641 859 penitusque,
674 815 824 846 nouent
852 808 929 846 hoc
959 809 1070 858 plura
1099 820 1260 846 necesse
1290 814 1359 854 est,

153 870 295 910 Vincla
324 872 446 923 magis
477 874 644 919 soluant,
676 871 799 922 magis
830 873 906 911 hoc
936 871 1134 910 obstantia
1163 873 1322 922 pellant.

154 936 240 975 Nec
270 945 403 976 tamen
432 937 472 975 in
501 936 647 987 rigidos
676 936 754 975 exit
783 944 973 976 contenta
1001 939 1158 975 canales
1427 953 1489 985 150

151 1001 221 1040 Vis
250 1002 406 1041 animae
435 1004 689 1041 flammaeue:
728 1001 803 1040 ruit
832 1015 911 1052 qua
939 1001 1116 1053 proxima
1146 1003 1294 1040 cedunt

151 1065 452 1116 Obliquumque
481 1074 587 1105 secat
617 1079 695 1116 qua
723 1065 808 1104 uisa
836 1065 1046 1105 tenerrima
1074 1067 1188 1104 caula
1217 1074 1286 1105 est.

153 1131 263 1170 Hinc
294 1139 416 1171 terrae
445 1140 601 1179 tremor,
633 1131 726 1170 hinc
756 1139 900 1179 motuS,
932 1131 1001 1170 ubi
1030 1132 1177 1170 densus
1207 1131 1352 1170 hiantis

151 1197 316 1247 Spiritus
346 1197 514 1248 exagitat
543 1210 665 1236 uenas
695 1197 970 1248 cessantiaque
1000 1205 1121 1248 urget.

151 1263 273 1311 Quod
303 1262 334 1301 si
364 1263 487 1313 spissa
516 1264 626 1310 foret,
658 1263 786 1302 solido
816 1263 847 1301 si
877 1271 994 1302 staret
1023 1263 1063 1301 in
1092 1263 1208 1310 omni,
1425 1279 1485 1311 155

151 1328 272 1366 Nulla
301 1329 411 1367 daret
440 1328 619 1367 miranda
648 1328 708 1367 sui
737 1330 963 1379 spectacula
991 1330 1118 1375 tellus,
1391 1332 1395 1337 '

152 1392 344 1443 Pigraque
374 1401 412 1432 et
441 1393 482 1431 in
511 1394 669 1443 pondus
699 1394 877 1432 conferta
907 1393 1123 1432 immobilis
1153 1401 1265 1432 esset.

150 1480 293 1517 (fudisse
310 1480 341 1515 r)
359 1480 498 1511 latebris
511 1480 626 1511 CSrv:
650 1481 824 1511 demersas
841 1480 978 1519 penitus
995 1480 1119 1510 fodisse
1136 1480 1281 1511 latebras
1297 1479 1486 1510 traditurex

151 1524 226 1563 Gyr.
239 1528 269 1555 et
282 1525 326 1554 sic
340 1525 436 1554 uerba
448 1525 561 1554 citauit
571 1524 731 1554 Heinsius
745 1523 791 1554 ad
807 1524 982 1555 Claudiam.
999 1524 1032 1554 in
1044 1523 1126 1563 Rus]
1139 1523 1170 1555 ii.
1183 1533 1245 1562 527
1261 1526 1268 1541 ‘
1280 1534 1319 1554 ex
1342 1524 1486 1563 antiquis

149 1568 373 1599 membranis?
418 1567 489 1599 Sed
506 1568 580 1598 bene
595 1568 762 1598 demissae
779 1567 936 1598 dicuntur
948 1567 1110 1605 latebrae,
1129 1566 1412 1607 quemammodum
1430 1573 1482 1607 ap.

154 1611 244 1652 Verg.
262 1611 300 1643 G.
314 1611 346 1642 ii.
362 1622 427 1650 230
442 1615 488 1642 est
500 1611 634 1650 alteque
652 1611 782 1642 iubebis
797 1611 836 1642 In
850 1611 956 1642 solido
974 1615 1112 1651 puteum
1131 1611 1261 1641 demitti
1327 1611 1486 1642 demissis

149 1656 285 1695 penitus
310 1656 439 1686 sedisse
464 1654 603 1686 latebris
625 1654 824 1695 Wernsdorf
838 1665 902 1695 quo
921 1658 1037 1695 recepto
1050 1657 1179 1695 poterat
1198 1654 1242 1684 sic
1261 1654 1358 1684 scribi
1378 1655 1483 1694 spati-

148 1703 227 1730 ante
243 1699 363 1730 cubilia
380 1704 488 1730 rostro
505 1698 681 1738 Antraque
698 1699 728 1729 d.
749 1709 783 1738 p.
800 1709 826 1730 s·
847 1699 866 1730 l.
1006 1709 1067 1738 142
1091 1702 1222 1729 tantum
1242 1697 1335 1730 CSv:
1370 1702 1482 1729 tamen

148 1754 167 1773 r
180 1747 208 1773 et
223 1742 359 1774 Arund.
378 1754 386 1774 :
415 1743 487 1773 aeri
505 1747 634 1773 tantum
654 1742 773 1782 effugit
789 1743 877 1773 ultra
894 1741 1039 1772 traditur
1051 1752 1090 1772 ex
1109 1741 1197 1782 Gyn,
1217 1741 1303 1772 unde
1323 1740 1485 1772 Baehrens

147 1786 245 1817 edidit
259 1797 317 1817 aer
332 1791 461 1817 tantum
475 1786 592 1825 effugit
609 1786 696 1816 ultra
764 1786 846 1817 Post
859 1786 948 1816 lmnc
963 1797 995 1816 u.
1011 1786 1168 1816 lacunam
1184 1784 1343 1816 indicauit
1357 1784 1399 1815 M
1399 1796 1484 1816 unro

151 1839 211 1871 145
228 1831 387 1861 abstrahe
406 1829 517 1861 CSrv:
541 1834 656 1861 astrue
672 1829 754 1860 Itali
885 1839 944 1869 147
963 1829 1151 1871 ininclusus
1169 1828 1211 1859 C:
1230 1829 1262 1859 in
1280 1828 1417 1859 inclusis
1433 1828 1483 1859 S:

148 1874 181 1905 in
199 1874 352 1905 incluso¹
374 1873 448 1914 Gyr.
633 1875 695 1912 148
719 1878 857 1904 mouent
876 1873 930 1904 CS
947 1885 954 1904 :
977 1878 1090 1904 mouet
1107 1884 1147 1903 r:
1175 1882 1319 1903 mouens
1335 1872 1381 1904 ed.
1401 1871 1479 1904 Par.

150 1926 230 1957 1507
249 1922 278 1948 et
291 1918 336 1948 sic
352 1917 426 1956 Gyr.
445 1928 452 1947 :
484 1917 688 1957 penitusque
705 1922 844 1948 mouent
863 1917 915 1948 hic
932 1917 1038 1957 plura,
1058 1927 1090 1948 n.
1111 1921 1162 1946 est
1179 1916 1323 1947 Munro:
1352 1921 1483 1946 nouent

145 1962 274 2001 scripsi:
290 1965 365 1992 ante
379 1962 572 1991 com'eceram
588 1961 709 1991 dolent
724 1960 865 2002 (dolare)
1009 1970 1072 1999 150
1087 1960 1216 1999 rigidos
1235 1959 1347 1990 CSrv:
1364 1960 1482 1997 riguos

146 2004 324 2036 Heinsius:
351 2005 468 2044 priuos
489 2004 602 2045 Unger
618 2004 727 2046 (riuos
743 2004 887 2034 traditur
901 2015 940 2035 ex
957 2003 1049 2043 Gyr.)
1150 2003 1295 2043 h(a)esit
1313 2014 1331 2033 r
1342 2002 1376 2032 A
1382 2003 1480 2034 rund.

147 2053 283 2079 conteta
300 2059 334 2079 r:
347 2049 430 2088 fort.
451 2053 629 2079 contecta:
655 2048 726 2078 Nec
743 2053 873 2078 tantum
887 2048 1039 2087 inriguos
1052 2051 1157 2078 uexat
1170 2051 1331 2077 contenta
1344 2046 1481 2077 canales

146 2092 318 2123 Bormans
464 2101 522 2131 151
550 2092 749 2122 ssammaeue
766 2091 831 2121 ruit
850 2091 924 2131 Gyr.
940 2103 947 2123 ε
974 2092 1106 2122 flamma
1123 2091 1228 2121 uei-rit
1247 2090 1323 2121 CS:
1348 2090 1480 2121 flamma

146 2136 213 2166 vrit
237 2135 313 2177 (sic)
340 2135 475 2166 Arund.
495 2147 503 2166 t
530 2136 651 2166 flamen
677 2135 785 2166 uerrit
807 2135 972 2175 Alzinger
990 2139 1018 2165 et
1040 2133 1264 2165 Hildebrandt
1350 2143 1416 2172 qua
1437 2144 1480 2164 v:

147 2189 245 2218 quam
263 2178 339 2210 CSr
469 2188 530 2218 152
555 2179 792 2219 Obiquamque
810 2189 827 2208 r
880 2189 947 2218 qua
966 2178 1041 2210 CSr
1095 2188 1210 2209 uersus
1225 2177 1271 2208 sic
1283 2177 1429 2207 traditur
1444 2188 1482 2207 ex

150 2222 226 2262 Gyr.
242 2234 249 2253 :
280 2222 532 2262 obliquumque
548 2228 667 2254 secant
682 2233 771 2262 quae
789 2232 891 2253 causa
908 2222 1089 2253 tenerrima
1106 2231 1225 2252 caussa
1242 2226 1295 2251 est
1318 2231 1382 2260 quo
1400 2220 1483 2250 nihil

147 2266 220 2296 uidi
233 2266 421 2297 mendosius
508 2277 610 2297 causa
626 2266 714 2298 codd.
733 2277 740 2296 :
771 2266 865 2296 caula
883 2265 1046 2297 Clericus:
1075 2270 1188 2296 crusta
1204 2264 1346 2303 Haupt:
1369 2274 1481 2295 massa

146 2309 291 2341 Munro:
317 2319 382 2349 qua
399 2310 478 2340 fissa
493 2310 678 2341 tenerrima
695 2310 838 2340 claustra
859 2309 972 2349 Unger
1103 2318 1163 2348 153
1183 2308 1277 2338 hiatu
1296 2307 1345 2338 C:
1369 2308 1480 2338 hiatus

146 2352 326 2385 rArund.:
352 2353 490 2384 iatusv:
515 2353 650 2385 hiantes
665 2353 811 2384 traditur
826 2364 866 2384 ex
888 2353 961 2393 Gyr.
978 2365 985 2384 :
1013 2352 1131 2383 malim
1148 2352 1274 2382 hiantis
1418 2361 1479 2391 155

146 2397 274 2427 solidos
292 2397 432 2428 instaret
450 2396 619 2429 rArund.
723 2397 849 2427 inamni
866 2396 909 2427 C:
932 2396 1058 2437 ²Sleg1·
1078 2396 1137 2426 uix
1146 2398 1290 2436 poterat:
1315 2395 1407 2425 inani
1423 2406 1479 2426 rv:

146 2440 180 2471 in
198 2441 288 2470 omni
307 2440 382 2479 Gyr.
401 2441 504 2479 :sort.
523 2441 557 2471 in
574 2451 695 2472 aeuum
869 2449 927 2479 157
953 2440 1084 2471 confert
1101 2439 1281 2470 immobilis
1299 2438 1355 2470 CS
1371 2449 1378 2470 :
1402 2448 1479 2469 con-

145 2484 234 2515 ferta
249 2483 402 2524 Scaliger,
421 2483 512 2523 quod
523 2484 608 2515 idem
624 2484 768 2515 traditur
779 2495 820 2515 ex
837 2483 913 2524 Gyr.

145 2548 153 2566 ¹
171 2549 220 2576 Sic
232 2549 404 2576 Matthiae:
421 2548 517 2575 editor
527 2548 655 2576 lenensis
668 2550 738 2583 legit
751 2556 777 2576 et
791 2549 910 2575 inclusa.
1019 2548 1029 2565 ²
1041 2549 1091 2574 Sic
1104 2548 1200 2574 uisum
1220 2550 1262 2574 cst
1275 2547 1351 2573 milti
1362 2546 1476 2580 infilmi.

790 2595 837 2635 19
1301 2594 1367 2621 c2
