1783 2876
681 207 874 245 AETNA

106 321 211 358 Nam
241 320 349 358 uelut
377 316 502 368 arguti
531 324 669 354 natura
698 323 756 354 est
785 315 883 354 aeris
913 323 951 354 et
980 315 1091 366 ignis,

106 386 209 424 Cum
239 375 435 423 domitum
464 390 534 429 est,
561 388 746 420 constans
775 382 996 431 eademque
1025 389 1064 419 et
1093 382 1233 420 robore
1264 383 1384 428 saluo,

105 451 280 499 Vtraque
309 455 351 486 ut
380 446 506 498 possis
535 446 634 485 aeris
663 459 902 496 cognoscere
931 453 1079 496 partem
1094 460 1104 494 3
1379 463 1438 493 521

106 515 229 552 Haud
257 513 368 551 aliter
395 512 494 563 lapis
523 511 587 550 ille
616 519 734 558 tenet,
766 524 835 549 seu
865 512 964 549 forte
993 512 1198 549 madentes

106 578 240 618 Effluit
268 578 309 616 in
338 579 528 624 flammas,
561 577 644 615 siue
673 584 732 615 est
761 589 920 614 securus
949 576 1000 614 ab
1030 575 1116 623 illis,

104 645 405 693 Conseruatque
433 650 558 690 notas,
591 655 664 680 nec
693 643 847 680 uultum
878 640 1048 691 perdidit
1077 641 1188 691 ignis.

105 709 213 758 Quin
242 708 406 759 speciem
436 715 636 747 externam
667 706 799 745 multis
829 708 937 745 color
966 706 1050 756 ipse
1079 706 1228 752 refellit,
1380 722 1441 753 525

105 775 198 813 Non
228 775 327 812 odor
355 780 423 811 aut
448 772 618 811 leuitas:
658 771 780 822 putris
812 771 934 821 magis
964 771 1028 810 ille
1058 771 1262 822 magisque

103 841 193 877 Vna
222 837 350 889 operis
378 836 497 875 facies
527 837 667 875 eadem
696 849 845 886 perque
874 835 1008 874 omnia
1037 843 1137 874 terra
1166 843 1234 874 est.

105 905 190 943 Nec
220 911 352 942 tamen
382 902 528 941 infitior
555 901 706 952 lapides
735 902 939 940 ardescere
968 908 1107 948 certos,

105 969 274 1008 Interius
303 970 428 1007 furere
456 980 668 1006 accensos:
707 968 805 1005 haec
834 967 997 1017 propria
1025 965 1159 1004 uirtus.

105 1037 214 1084 Quin
243 1034 337 1085 ipsis
367 1034 563 1084 quaedam
593 1032 713 1071 Siculi
741 1031 980 1082 cognomina
1008 1031 1108 1070 saxis
1381 1047 1442 1080 530

105 1101 322 1150 Inposuere
351 1098 529 1146 †frichas,
561 1106 599 1137 et
629 1097 706 1136 iarn
736 1097 823 1148 ipso
852 1097 1014 1136 nomine
1043 1096 1212 1147 signant,

105 1165 247 1204 Fusilis
277 1178 362 1203 esse
391 1172 527 1202 notae:
566 1176 785 1213 numquam
816 1171 950 1201 tamen
979 1162 1044 1200 illa
1072 1162 1307 1212 liquescunt,

105 1230 300 1280 Quamuis
331 1229 511 1268 materies
540 1230 673 1267 foueat
703 1228 880 1266 sucosior
908 1228 1023 1276 intus,

106 1298 188 1335 Net'
213 1296 369 1347 penitus
399 1309 525 1334 uenae
554 1294 697 1333 fuerint
726 1294 938 1332 commissa
967 1293 1115 1332 molari.

160 1363 282 1411 Quod
311 1361 343 1400 si
372 1361 459 1412 quis
488 1360 631 1411 lapidis
660 1359 821 1398 miratur
849 1359 962 1398 fusile
991 1359 1121 1406 robur,
1381 1373 1441 1407 535

106 1427 263 1478 Cogitet
292 1427 450 1465 obscuri
479 1425 683 1465 uerissima
712 1425 818 1464 dicta
846 1424 978 1472 libelli,

107 1492 320 1540 Heraclite,
352 1492 431 1530 tui:
471 1491 569 1529 nihil
598 1490 863 1541 insuperabile
892 1491 940 1527 ab
969 1488 1060 1539 igni,

149 1584 214 1614 519
237 1575 277 1605 ab
295 1573 366 1614 igni
382 1573 531 1614 Scaliger
616 1583 681 1612 520
704 1571 946 1603 Condomitum
962 1570 1052 1602 rAr.
1124 1575 1285 1601 constans
1301 1569 1441 1610 Haupt:

106 1623 239 1649 constat
259 1617 305 1649 Cr
317 1618 382 1650 Ar
472 1627 535 1656 521
561 1617 711 1656 Vtraque
728 1615 868 1646 Munro:
895 1614 1057 1654 Vltraque
1073 1614 1115 1645 C:
1138 1614 1325 1653 Vtramque
1343 1614 1438 1646 rAr

107 1672 296 1702 cognoscet·
314 1661 342 1692 C
436 1667 569 1701 portam
590 1660 635 1690 Cr
646 1660 708 1691 Ar.
729 1660 820 1698 quod
832 1662 1011 1689 seruaruut
1025 1659 1199 1688 Buecheler
1211 1661 1238 1688 et
1254 1657 1440 1688 Sudhaus:

107 1711 233 1746 partem
255 1705 417 1736 Clericus:
440 1705 581 1735 formam
599 1704 769 1735 Baehrens
787 1706 816 1733 et
830 1706 972 1742 exempta
989 1701 1193 1732 Ptlhoeana:
1208 1702 1291 1740 sort.
1311 1706 1440 1732 sortem

107 1760 170 1789 522
196 1754 294 1781 tener
307 1752 457 1799 'excerpta
473 1748 655 1779 Ptthoeana
803 1756 867 1786 524
890 1746 1020 1776 uultum
1040 1746 1089 1776 C:
1121 1746 1214 1776 uultu
1234 1756 1252 1775 r
1353 1745 1441 1784 ignis

109 1793 137 1824 C
150 1805 169 1824 r
183 1793 245 1824 Ar.
265 1805 273 1824 :
305 1793 383 1831 igne
400 1792 569 1842 Scaliger:
597 1791 668 1830 igni
684 1791 807 1830 Haupt
821 1794 850 1820 et
863 1793 1007 1830 excerpta
1022 1789 1206 1820 Pillzoeana
1376 1799 1439 1828 525

107 1837 256 1876 speciem
273 1837 406 1876 scripSt':
433 1837 533 1867 etiam
553 1835 598 1866 Cr
611 1837 674 1866 Ar.
747 1835 872 1865 multus
888 1833 983 1865 rAr.
1053 1833 1176 1863 refellit
1195 1832 1243 1863 C:
1267 1832 1409 1863 resoluit
1427 1843 1445 1862 r

106 1883 171 1920 526
194 1882 299 1912 odora
327 1885 363 1910 ut
391 1879 443 1911 C:
469 1880 588 1910 mador
613 1878 734 1919 Haupt
835 1887 896 1916 527
922 1878 1111 1916 eademque
1135 1887 1198 1916 per
1226 1887 1249 1916 ν
1281 1886 1346 1906 uon
1373 1876 1438 1908 Ar.

107 1926 170 1964 528
209 1925 342 1955 inficior
373 1924 402 1955 C
531 1933 595 1962 529
636 1922 800 1952 Interitus
834 1921 862 1952 C
957 1931 1102 1951 accenso
1136 1920 1187 1950 C:
1226 1929 1391 1950 accensos
1422 1931 1442 1950 r

107 1969 247 2008 propala
267 1968 295 1999 C
309 1967 401 1999 rAr.
426 1979 433 1986 ·
457 1966 593 2006 propria
609 1965 726 1996 Sloau.
744 1969 773 1996 et
786 1964 831 1995 ed.
853 1974 934 2003 1475
1092 1973 1158 2003 530
1182 1963 1373 2002 Quiinipsis
1391 1962 1439 1993 C:

108 2012 175 2051 Qin
193 2012 276 2052 ipsis
293 2023 311 2042 r
412 2012 579 2051 quaedam
599 2009 664 2041 Cr.
690 2010 861 2049 quondam
878 2008 1004 2038 Mnnro
1148 2017 1208 2046 531
1235 2007 1371 2037 fridicas
1391 2006 1439 2037 C.

109 2055 230 2087 srichas
249 2055 371 2086 rAr.:
397 2056 516 2094 chytas
540 2054 593 2084 uel
612 2054 730 2093 rhytas
753 2053 920 2092 Scalzger:
953 2053 1096 2091 rhyacas
1120 2051 1258 2081 Kaizbel
1291 2051 1439 2089 diphryx

109 2100 161 2129 uel
172 2099 360 2140 diphryges
375 2098 550 2139 (διφρυγές)
570 2098 691 2128 omisso
707 2097 772 2127 iam
790 2096 865 2126 Birt
969 2096 1069 2126 etiam
1089 2096 1162 2134 ipso
1180 2095 1293 2125 omine
1309 2094 1438 2132 signifi-

108 2143 190 2174 carit
216 2142 262 2174 C:
295 2149 396 2182 atque
422 2143 495 2182 ipso
521 2142 658 2172 nomine
686 2141 822 2179 signant
846 2151 887 2170 r:
924 2144 958 2170 et
982 2139 1056 2178 ipso
1080 2149 1112 2170 n.
1138 2148 1164 2170 s.
1190 2138 1253 2168 Ar.
1375 2147 1438 2177 532

110 2186 232 2217 Fusilis
250 2186 297 2217 C:
321 2186 451 2223 Fusiles
470 2198 489 2216 r
603 2189 702 2215 notas
721 2184 766 2215 Cr
778 2184 843 2214 Ar.
948 2182 1070 2213 Fusilis
1094 2192 1171 2213 esse
1189 2186 1291 2212 notae
1308 2180 1441 2222 Maehly

108 2240 171 2269 533
195 2231 388 2261 successior
409 2230 471 2261 Ar.
491 2240 498 2260 :
528 2229 723 2260 succentior
747 2239 787 2258 r:
821 2238 906 2258 num
930 2227 1151 2258 succensior?
1284 2235 1347 2264 534
1374 2224 1436 2255 Nei

106 2273 244 2314 scripsi:
275 2273 318 2304 Ni
344 2273 507 2304 Clericus:
540 2273 612 2303 Nec
640 2272 685 2302 Cr
704 2271 770 2303 Ar.
845 2271 928 2310 sort.
956 2270 1129 2300 commista
1220 2277 1283 2307 535
1308 2268 1439 2308 lapides

111 2317 138 2347 C
159 2316 249 2348 Αν.·
279 2316 402 2357 lapidis
422 2316 537 2348 Sloan.
631 2316 723 2346 fixile
750 2327 769 2345 r
790 2314 856 2346 Ar.
961 2324 1024 2353 537
1051 2312 1217 2344 Heracliti
1243 2318 1277 2343 et
1305 2312 1360 2342 ubi
1386 2317 1438 2343 est

110 2371 147 2390 r:
185 2360 226 2390 ab
262 2361 332 2399 igni
363 2360 530 2401 Scaliger.
574 2360 645 2399 igni
683 2359 782 2389 ettam
810 2362 955 2398 excerpta
986 2357 1167 2388 P1tl10eana
1198 2355 1256 2386 sed
1283 2356 1438 2386 incertum

107 2414 170 2443 quo
188 2404 368 2443 perttheat
393 2414 473 2434 nam
493 2405 526 2434 iu
542 2403 643 2435 codice
661 2402 707 2432 ad
727 2403 785 2433 ιΙΙα
807 2407 840 2433 et
861 2402 906 2432 ibi
924 2401 1035 2450 referri
1049 2400 1179 2430 ut'·'d(t1‹7
1196 2399 1258 2439 scd,
1280 2403 1316 2429 ut
1333 2399 1435 2438 credo,

106 2453 167 2488 per
187 2458 328 2478 ert-mem
347 2459 354 2478 :
383 2447 488 2502 gigni
503 2447 549 2477 Cr
562 2447 599 2486 cf.
616 2446 777 2477 Heracli'tz
796 2445 902 2485 Relzq.
926 2444 995 2475 xxii
1015 2445 1168 2484 ijater
1185 2443 1278 2482 πυρὸς
1293 2443 1438 2481 ἀνταμεί-

108 2492 200 2525 fieta«
233 2492 336 2522 πάντα
367 2503 417 2521 και
448 2503 510 2531 πυρ
537 2489 695 2530 ἁπάντων,
729 2489 835 2529 ὥσπερ
865 2488 988 2530 χρυσοῦ
1013 2487 1162 2529 γρήματα
1188 2486 1239 2517 και
1266 2486 1440 2526 χρημάτων

107 2532 231 2575 χρυσός.

748 2580 797 2627 63
