1783 2876
719 220 873 257 AETN
877 220 912 257 A

166 330 212 368 Vt
241 329 367 367 trahat
396 341 442 366 ex
471 328 590 378 pleno
619 328 729 377 quod
758 328 899 366 fortem
930 329 1137 366 contrahat
1165 341 1338 368 amnem.

156 393 337 433 Flumina
366 391 583 443 quinetiam
613 392 700 430 latis
729 392 924 431 currentia
953 392 1046 430 riuis

154 459 330 498 Occasus
359 458 533 496 habuere
562 470 678 496 suos:
717 464 784 495 aut
813 457 878 495 illa
907 470 1054 507 uorago

154 525 323 573 Derepta
350 522 391 560 in
421 534 609 573 praeceps
639 522 746 561 fatali
775 522 956 561 condidit
986 535 1064 569 ore,
1429 538 1488 571 ¹²5

154 590 235 626 Aut
264 589 420 627 occulta
449 589 576 626 fluunt
606 587 719 626 tectis
749 589 940 638 adoperta
968 587 1158 634 cauernis,

152 655 286 704 Atque
314 653 540 704 inopinatos
571 654 742 692 referunt
771 654 907 704 procul
938 653 1045 692 edita
1072 666 1220 692 cursus.

153 719 275 768 Quod
306 718 345 757 ni
375 718 552 758 diuersos
582 718 736 757 emittat
765 726 865 757 terra
894 720 1062 765 canales,

155 783 387 834 Hospitium
418 783 537 822 fluuio
564 786 624 821 det
653 783 804 830 semita,
837 784 945 822 nulla
973 784 1151 834 profecto

153 849 347 888 Fontibus
377 856 415 887 et
444 848 537 887 riuis
567 855 721 887 constet
750 848 825 895 uia,
857 848 1046 899 pigraque
1075 849 1190 887 tellus
1430 863 1490 894 130

153 914 342 954 Conferta
370 913 410 951 in
440 913 612 952 solidum
643 913 752 963 segni
782 914 856 952 sub
886 914 1064 963 pondere
1093 920 1231 952 cesset.

154 980 276 1029 Quod
306 978 337 1017 si
367 978 572 1029 praecipiti
601 980 829 1018 conduntur
857 978 1023 1017 flumina
1050 986 1161 1026 terra,

153 1044 327 1084 Condita
355 1044 387 1082 si
416 1045 594 1091 redeunt,
626 1044 658 1082 si
688 1046 883 1094 quaedam
913 1044 1118 1083 incondita
1148 1051 1322 1094 surgunt,

154 1111 278 1149 Haud
308 1109 450 1148 mirum
481 1109 643 1148 claussis
673 1109 792 1148 etiam
822 1109 854 1148 si
883 1110 1006 1148 libera
1034 1109 1163 1149 uentis

152 1175 400 1226 Spiramenta
428 1177 562 1214 latent.
622 1174 749 1215 Certis
779 1174 851 1214 tibi
880 1175 1042 1225 pignera
1071 1176 1188 1214 rebus
1428 1191 1486 1222 135

152 1243 286 1292 Atque
316 1240 440 1279 oculis
469 1241 635 1279 haesura
664 1240 739 1278 tuis
770 1240 881 1279 dabit
911 1240 1049 1279 ordine
1079 1242 1205 1279 tellus.

153 1308 364 1345 Inmensos
394 1307 627 1356 plerumque
656 1305 764 1344 sinus
794 1313 833 1344 et
862 1305 994 1355 iugera
1022 1319 1182 1356 pessum

154 1373 378 1421 Intercepta
406 1372 492 1410 licet
521 1371 748 1420 densaeque
777 1370 1013 1409 abscondita
1042 1370 1150 1408 nocti

154 1438 433 1487 Prospectare:
473 1437 610 1486 procul
640 1437 761 1474 chaos
791 1449 836 1474 ac
866 1435 951 1474 sine
981 1437 1058 1474 fine
1087 1435 1233 1474 ruinae.

153 1501 291 1541 Cernis
323 1508 361 1539 et
390 1500 430 1538 in
460 1500 568 1538 siluis
599 1500 771 1551 spatiosa
801 1500 947 1539 cubilia
975 1507 1078 1539 retro
1428 1517 1488 1547 140

152 1569 356 1616 Antraque
385 1565 577 1604 demissas
605 1565 763 1616 penitus
793 1565 940 1605 fodisse
968 1566 1169 1604 latebras?

1115 1638 1128 1654 r

198 1674 257 1695 122
283 1664 325 1695 Et
343 1663 418 1695 CSv
435 1676 442 1696 :
467 1663 518 1694 Ex
536 1675 572 1695 r:
598 1663 643 1694 Vt
659 1664 784 1694 Alunro
858 1663 981 1694 sortem
1001 1664 1050 1695 C:
1075 1664 1202 1702 sontem
1219 1662 1248 1694 S
1318 1663 1488 1695 conuehat

151 1707 340 1739 Bormaus:
378 1712 551 1747 comparat
579 1707 764 1738 Baehrens:
792 1707 874 1746 fort.
905 1712 1070 1745 conrogat
1159 1717 1294 1738 amnev
1429 1717 1489 1748 123

152 1752 234 1792 ripis
256 1751 430 1782 Bormans
452 1751 572 1791 Haupt
707 1760 767 1790 125
795 1751 970 1791 Direptam
990 1751 1068 1782 CS:
1101 1751 1261 1790 Dirrepta
1278 1762 1316 1782 r:
1348 1750 1489 1791 Direpta

151 1806 192 1828 v:
219 1796 371 1835 Derepta
390 1795 530 1826 Clericus
655 1797 716 1825 126
741 1795 905 1835 adoperte
922 1796 1056 1826 auernis
1071 1794 1098 1825 C
1235 1796 1294 1825 128
1320 1795 1354 1825 ni
1371 1795 1464 1825 Iacob
1482 1807 1488 1825 :

151 1839 179 1870 si
207 1839 295 1870 codd.
447 1849 510 1877 129
535 1838 674 1879 Ospit(c
698 1838 814 1877 S)iurn
843 1838 898 1869 CS
994 1839 1099 1869 fluuio
1125 1838 1311 1869 Baehrens:
1349 1839 1487 1869 fluuium

155 1882 229 1914 CS:
261 1883 435 1914 fluminum
455 1894 492 1913 νυ
557 1882 616 1912 det
639 1881 808 1913 Baehrens
829 1882 887 1912 sed
905 1883 1051 1923 praefixo
1076 1888 1132 1912 et:
1167 1887 1223 1912 aut
1242 1881 1335 1913 CSv:
1369 1882 1423 1912 uel
1448 1893 1486 1913 r:

154 1926 263 1966 Hosp.
293 1927 473 1957 fluuiorum
501 1930 560 1956 aut
588 1936 613 1957 s.
640 1925 728 1966 Itali⁷
755 1925 905 1957 Munro:
941 1926 984 1957 H.
1014 1927 1047 1956 in
1076 1926 1214 1956 fluidum
1244 1925 1376 1966 Unger:
1401 1927 1483 1965 sort.

154 1970 349 2010 Hospitium
387 1970 489 2000 ssuuio
527 1970 592 2000 iam
633 1975 667 2000 et
832 1979 889 2009 131
933 1970 1085 2000 conferta
1125 1969 1260 2000 Arund.
1282 1980 1289 1999 :
1332 1975 1486 2000 conserta

155 2013 248 2045 CSrv
386 2024 448 2053 132
480 2018 573 2044 terre
601 2012 737 2044 Arund.
885 2023 946 2052 133
978 2014 1006 2044 si
1039 2024 1105 2053 qua
1138 2014 1192 2050 (Si
1223 2014 1290 2052 qua
1319 2013 1357 2051 C)
1386 2013 1486 2044 etiam

156 2057 252 2089 CSr:
290 2058 317 2089 si
347 2068 433 2097 quae
461 2057 563 2088 etiam
590 2068 632 2088 v:
666 2062 700 2088 et
727 2057 791 2087 iam
819 2056 988 2098 Scaliger:
1023 2058 1053 2088 si
1084 2058 1248 2096 quaedam
1276 2057 1424 2086 lllunro:
1459 2058 1486 2087 si

153 2111 240 2140 quae
270 2102 354 2132 clam
382 2102 522 2132 condita
549 2106 692 2140 serpunt
720 2100 834 2141 Unger
995 2111 1055 2140 134
1087 2101 1205 2131 classis
1234 2100 1308 2131 CS:
1344 2100 1488 2131 claussis

154 2143 279 2175 Munro
293 2157 299 2176 :
315 2145 396 2184 fort.
415 2144 536 2175 clussis
629 2154 688 2184 135
707 2148 824 2183 patent
844 2144 985 2175 Clericus
1040 2145 1182 2184 pignera
1197 2143 1293 2174 CSv:
1314 2144 1456 2183 pignora
1473 2155 1491 2173 r

158 2197 216 2227 137
241 2190 365 2228 passim
390 2188 555 2220 Schrader
575 2191 604 2218 et
625 2188 800 2228 Sin-z'ugar
946 2189 1095 2227 138-285
1119 2187 1181 2218 Ad
1203 2188 1264 2217 hos
1287 2198 1342 2218 uu.
1367 2187 1487 2218 tradita

154 2235 233 2261 sunt
253 2235 395 2272 excerpta
421 2232 584 2272 quaedam
605 2232 724 2262 amissi
742 2231 853 2262 codicis
868 2242 964 2271 quem
986 2231 1206 2272 Gyraldimcm
1227 2235 1346 2260 nef-ant
1370 2231 1482 2271 (Gyr.)

158 2275 218 2314 138
231 2276 312 2314 fort.
334 2276 545 2315 Intersaepta
633 2276 712 2306 licet
728 2275 875 2315 Scaliger
888 2275 1035 2316 idemque
1051 2277 1084 2306 in
1105 2275 1181 2315 Gyr.
1202 2274 1344 2304 traditur
1354 2275 1485 2314 fuisse:

155 2318 245 2357 leget
272 2318 364 2350 CSrv
475 2320 649 2358 densaque
673 2343 680 2349 .
711 2343 718 2351 .
744 2343 752 2350 .
780 2323 880 2349 nocte
906 2319 981 2359 Gyr.
1142 2328 1204 2357 139
1228 2318 1332 2349 chaos
1355 2323 1389 2348 et
1413 2319 1486 2349 sine

156 2362 224 2392 fine
242 2363 350 2393 minas
366 2373 471 2403 marg.
493 2367 624 2396 uastum
645 2361 718 2402 Gyr.
739 2362 826 2392 unde
841 2363 1011 2393 Baehrens
1026 2362 1150 2402 scripsit
1173 2362 1276 2393 chaos
1299 2367 1433 2393 uastum
1452 2367 1486 2393 et

154 2405 230 2436 sine
252 2406 320 2436 fine
342 2407 456 2437 ruinas
548 2407 677 2437 ruinast
697 2406 823 2436 Munro
960 2416 1020 2444 140
1043 2407 1221 2445 spatioque
1238 2405 1326 2437 codd.
1352 2416 1487 2436 omnes:

154 2450 305 2489 spatiosa
322 2449 403 2480 Ald.
426 2458 518 2489 1517,
540 2449 635 2489 idque
656 2454 772 2480 notum
786 2449 861 2489 suit
879 2450 1017 2480 Heinsio
1034 2449 1080 2480 ad
1101 2449 1217 2480 Claud.
1237 2449 1353 2488 Rufin,
1372 2450 1404 2480 ii.
1423 2459 1485 2488 527

155 2498 244 2523 retro
276 2493 352 2524 CSr
377 2493 541 2525 Amana:
575 2492 684 2535 refftro
715 2504 760 2524 v:
793 2494 969 2533 spatioque
999 2493 1119 2524 cubilia
1146 2498 1236 2523 tecto
1266 2494 1346 2523 olim
1375 2494 1491 2524 conieci

157 2545 214 2575 141
251 2537 397 2568 demissa
428 2537 571 2577 pedibus
597 2537 729 2579 (dimiss
760 2538 925 2577 apedibus
957 2537 1008 2568 S:
1042 2537 1198 2568 demissis
1228 2546 1258 2576 p.
1286 2538 1335 2578 νυ)
1361 2537 1486 2568 fodisse

798 2595 842 2630 17
1354 2592 1378 2619 c
