1783 2876
723 207 876 244 AETN
879 207 916 243 A
958 230 961 233 -

156 317 291 354 Densa
319 328 388 365 per
415 313 601 352 attonitas
631 321 867 364 rumpuntur
896 314 1063 352 fulmina
1091 315 1229 362 nubes,

153 383 286 442 Atque
314 380 354 418 in
384 380 614 418 bellandum
645 392 747 429 quae
776 379 920 429 cuique
950 380 1128 430 potentia
1155 380 1305 427 diuum,
1448 387 1489 417 60

154 447 202 484 In
232 458 447 484 commune
476 443 609 482 uenit:
648 443 726 482 iam
757 443 856 495 patri
886 445 1046 483 dextera
1075 446 1214 492 Pallas,

91 542 94 545 .
154 512 205 548 Et
236 511 343 548 Mars
372 511 510 548 laeuus
540 516 645 547 erat:
684 508 762 547 iam
783 517 913 548 cetera
942 510 1057 548 turba
1086 510 1252 548 deorum

152 576 264 614 Stant
293 573 490 624 utrimque
520 587 669 613 uerens.
729 574 882 613 ualidos
912 582 995 613 tum
1027 574 1206 625 Iuppiter
1234 574 1333 625 ignis

152 641 336 690 Increpat
365 647 403 678 et
431 640 540 678 iacto
568 640 773 689 proturbat
802 639 967 678 fulmine
997 648 1164 679 montes.

154 704 268 743 Illinc
297 704 479 743 deuictae
506 712 707 743 uerterunt
737 713 843 755 terga
873 705 1009 744 ruinae
1447 715 1488 753 65

154 770 323 808 Infestae
353 769 455 808 diuis
484 769 599 815 acies,
631 778 751 819 atque
780 769 925 820 impius
956 769 1079 809 hostis

153 836 345 885 Praeceps
374 847 464 873 cum
495 834 630 873 castris
660 834 786 885 agitur
815 842 1018 885 materque
1047 835 1211 874 iacentis

153 901 367 950 Impellens
398 900 536 940 uictos,
596 907 680 938 tum
710 914 786 951 pax
815 908 874 939 est
902 900 1057 940 reddita
1086 903 1250 949 mundo,

151 967 256 1003 Tum
288 965 407 1004 Liber
435 973 588 1004 cessata
618 965 727 1004 uenit
755 980 825 1016 per
853 966 1004 1005 sidera:
1044 969 1198 1005 caelum

154 1030 396 1081 Defensique
426 1031 548 1069 decus
579 1030 719 1082 mundi
748 1045 856 1070 nunc
885 1031 1063 1070 redditur
1090 1032 1213 1071 astris.
1450 1051 1488 1081 70

157 1095 319 1145 Gurgite
348 1095 552 1134 Trinacrio
583 1095 818 1135 morientem
850 1096 1030 1147 Iuppiter
1058 1099 1190 1139 Aetna

152 1161 295 1200 Obruit
325 1162 570 1209 Enceladon,
602 1169 716 1200 uasto
746 1163 820 1212 qui
844 1163 1021 1212 pondere
1051 1163 1197 1202 montis

152 1229 318 1265 Aestuat
347 1234 385 1265 et
414 1228 596 1277 petulans
624 1226 793 1277 exspirat
822 1227 1002 1266 faucibus
1032 1227 1175 1278 ignem.

208 1293 322 1330 Haec
351 1299 409 1330 est
440 1293 656 1330 mendosae
686 1294 846 1342 uulgata
875 1292 1033 1331 licentia
1062 1294 1200 1332 famae.

151 1356 320 1396 Vatibus
349 1356 552 1407 ingenium
583 1365 665 1396 est:
704 1357 797 1396 hinc
825 1357 936 1396 audit
966 1358 1101 1397 nobile
1130 1372 1300 1398 carmen.

195 1505 238 1534 59
262 1495 452 1525 funduntur
468 1505 487 1524 r
589 1495 727 1526 flumina
746 1495 801 1526 CS
815 1495 905 1535 quod
917 1499 1029 1526 tuetur
1038 1495 1155 1528 Borm.
1176 1492 1353 1537 tamquam
1371 1499 1489 1529 imbres

151 1539 308 1579 significet
405 1538 545 1569 fulmina
570 1549 588 1568 ν
732 1540 776 1569 60
800 1539 842 1569 Et
859 1550 895 1578 q3
917 1540 950 1570 in
968 1550 987 1569 r
1001 1540 1106 1570 ceteris
1121 1542 1252 1571 omissis
1355 1543 1392 1572 61
1420 1554 1484 1574 om.

150 1582 240 1613 codd.
267 1585 396 1622 praeter
431 1581 488 1613 CS
649 1583 691 1613 62
730 1593 857 1614 saeuus
897 1583 944 1614 C:
990 1593 1094 1614 senus
1130 1584 1180 1614 S:
1218 1594 1362 1616 scaeuus
1400 1597 1417 1615 r
1454 1587 1487 1616 in

150 1636 215 1665 quo
238 1636 362 1656 saeuus
386 1631 515 1666 semper
533 1626 579 1657 sic
600 1627 758 1667 scriptum
782 1630 851 1657 est:
883 1637 1029 1657 scaeuus
1045 1627 1195 1658 Muuro:
1227 1627 1346 1659 laeuus
1371 1629 1487 1660 Borm.

150 1669 272 1710 Haupt
371 1675 507 1700 caetera
537 1669 565 1700 C
723 1671 766 1709 63
783 1681 909 1701 uerens
933 1672 1069 1711 scripsi:
1094 1672 1180 1701 deus
1206 1671 1271 1703 Cr:
1294 1673 1337 1702 de
1359 1672 1389 1704 S
1412 1685 1488 1703 cnm

150 1714 254 1754 spatio
284 1717 360 1744 ante
390 1713 548 1745 ualidos:
578 1724 678 1744 secus
709 1713 833 1755 Haupt
929 1719 1029 1745 tuens
1060 1715 1230 1745 Baehrens
1327 1722 1420 1747 stant
1452 1723 1488 1748 ut

151 1757 272 1796 cuique
295 1758 400 1788 decus
425 1757 539 1797 Unger
625 1758 724 1796 ignes
748 1757 776 1789 S
908 1759 947 1796 64
975 1759 1063 1789 iacto
1087 1759 1134 1790 ed.
1159 1759 1239 1790 Par.
1266 1769 1371 1799 1507:
1399 1761 1488 1791 uicto

153 1799 230 1832 CS:
261 1802 369 1832 uictor
402 1812 421 1830 r
448 1801 596 1832 Munro:
633 1802 750 1832 stricto
785 1802 862 1832 Birt
977 1802 1117 1833 fulmine
1145 1803 1310 1834 Arausa:
1349 1805 1488 1836 flumine

153 1843 181 1875 C
301 1846 343 1883 65
369 1845 526 1875 deuictae
553 1845 617 1875 Cr:
641 1845 822 1876 deuinctae
845 1844 897 1876 S:
930 1846 1093 1876 deuectae
1117 1857 1138 1876 v
1160 1846 1303 1877 Sloan.:
1336 1848 1488 1879 deiectae

151 1887 363 1929 Peerlkamp:
386 1889 424 1927 cf
444 1888 562 1920 Manz'l.
577 1889 610 1919 ii.
623 1890 688 1927 869
799 1890 842 1919 66
867 1889 974 1919 Infert
993 1889 1101 1920 ediuis
1116 1890 1164 1921 C:
1189 1890 1314 1921 Inferte
1333 1892 1420 1922 diuis
1437 1891 1488 1922 S:

153 1932 299 1963 Infestae
323 1933 352 1963 d.
373 1943 410 1963 rv
521 1933 562 1971 67
588 1932 785 1972 Praeceptis
803 1933 830 1964 C
918 1939 1074 1972 mateque
1090 1933 1119 1964 S
1235 1935 1278 1964 68
1304 1935 1488 1974 Impellens

152 1976 261 2007 uictos
284 1975 372 2007 codd.
397 1975 490 2015 quod
513 1977 603 2007 uarie
619 1986 657 2006 ac
667 1977 801 2016 frustra
822 1981 1036 2017 temptarunt.
1084 1977 1156 2017 Ego
1179 1982 1278 2008 natos
1291 1983 1358 2017 ·pro
1380 1979 1488 2010 uictos

152 2019 372 2060 reponendum
389 2020 532 2050 arbitror
616 2021 660 2060 69
684 2024 817 2051 cessata
840 2021 956 2059 scripsi
970 2021 1107 2061 (Journ.
1126 2021 1167 2060 os
1180 2020 1300 2052 Pln'lol.
1319 2022 1386 2053 xvi.
1405 2024 1486 2062 294)

151 2067 179 2093 et
193 2064 238 2093 sic
255 2063 367 2103 Unger
379 2063 497 2094 ibidem
516 2068 550 2104 p.
570 2073 631 2102 314
656 2067 686 2093 et
700 2064 920 2094 Hr'ldebrandt
942 2064 976 2094 in
993 2065 1160 2105 Phr'lologi
1174 2068 1251 2096 tom.
1273 2065 1316 2095 lvi
1336 2065 1401 2106 (xl.
1422 2077 1465 2105 99
1482 2078 1488 2096 :

151 2113 261 2138 cessat
286 2106 362 2138 CS:
395 2107 486 2138 celsa
511 2118 548 2138 r:
580 2107 653 2138 cela
673 2119 718 2138 v:
743 2112 899 2138 cessante
921 2108 1112 2139 Baehrens:
1143 2109 1228 2138 Tum
1252 2109 1336 2139 liber
1355 2114 1488 2141 cessata

152 2151 247 2181 uenit
267 2156 344 2190 post
361 2151 500 2181 foedera
520 2151 678 2182 Phoebus
697 2151 816 2192 Unger.
863 2151 932 2182 Sed
948 2151 1094 2183 ‘Bacchi
1118 2153 1225 2182 multa
1243 2153 1350 2183 uirtus
1361 2153 1434 2192 fnit
1454 2155 1487 2183 in

152 2194 211 2224 lmc
227 2195 355 2234 proelio,
380 2195 440 2234 qui
461 2195 627 2225 Rhoetum
652 2196 777 2225 retorsit
798 2195 909 2226 leonis
929 2195 1109 2234 Vnguibus
1134 2195 1354 2235 horribilique
1379 2197 1467 2227 mala
1482 2198 1488 2208 ’

152 2237 345 2277 Peerlkamp
436 2239 532 2278 uenit
558 2238 587 2269 S
707 2249 748 2278 70
776 2239 860 2270 deus
884 2239 976 2269 mudi
1006 2250 1024 2269 r
1118 2249 1206 2270 nunc
1237 2239 1333 2270 CSv:
1366 2246 1444 2271 tunc
1474 2252 1490 2270 ν

152 2281 252 2311 astris
270 2281 357 2311 codd.
375 2292 382 2312 :
407 2281 477 2313 Ara
493 2282 664 2323 Alzz'nger.
774 2293 811 2321 71
839 2283 983 2321 Gurgite
1001 2294 1038 2314 νυ
1055 2294 1061 2313 :
1085 2283 1222 2313 Cur-cite
1241 2282 1317 2314 CS:
1342 2284 1489 2315 Carcere

153 2324 321 2355 Baehrens
463 2336 504 2364 72
537 2331 703 2365 uastoque
734 2326 814 2358 CS:
847 2331 946 2357 uasto
963 2328 1019 2366 qui
1038 2337 1053 2356 r
1198 2337 1237 2366 73
1267 2328 1381 2366 petula
1412 2328 1486 2358 inse

153 2368 245 2404 <pinse
265 2368 306 2408 C)
326 2368 402 2400 CS:
432 2370 590 2408 petulans
616 2381 652 2401 νυ
678 2370 821 2401 ¹Munro
839 2381 846 2401 :
878 2370 1002 2410 patulis
1023 2370 1103 2401 Αἶά.
1124 2370 1245 2410 Haupt
1335 2373 1487 2411 exspirat

151 2411 202 2442 S:
227 2421 302 2451 exp.
323 2412 350 2443 C
481 2423 520 2452 74
546 2414 719 2445 mendacis
737 2414 775 2445 L.
796 2413 957 2445 Mueller:
982 2419 1147 2445 uentosae
1168 2414 1280 2455 Unger

536 2501 542 2517 ¹
563 2503 598 2528 ln
613 2510 631 2527 v
644 2503 774 2534 petulans
788 2505 879 2535 supra
893 2511 1035 2528 rasuram
1048 2507 1098 2528 cst.

812 2562 834 2598 9
