1783 2876
489 215 609 252 THE
649 214 762 253 MSS.
804 214 876 253 OF
913 215 1152 253 ‘AETNA'

227 327 273 353 2ο
299 318 382 362 Quo
408 316 507 352 uolet
533 317 637 351 orion
663 328 735 362 quo
927 317 1075 352 incubet
1103 316 1213 351 index
1385 317 1488 362 [245]

227 385 268 411 21
299 376 348 410 Et
375 386 596 421 quocunque
624 374 743 410 iacent
771 382 874 410 tanto
900 375 1078 409 miracula
1103 375 1243 409 mundo
1386 375 1486 420 [246]

229 443 272 468 22
301 434 386 468 Non
413 433 556 478 digesta
582 433 658 478 pati
685 445 753 468 nec
779 445 912 468 aceruo
939 433 1090 468 condita
1116 445 1238 468 rerum
1387 433 1488 478 [247]

227 501 271 535 23
298 491 374 526 Sed
401 491 599 526 manifesta
625 491 721 526 notis
748 499 849 526 certa
875 492 1074 536 disponere
1100 492 1190 526 sede
1388 490 1488 536 [248]

228 559 273 592 24
300 550 455 594 Singula
481 549 607 584 diuina
633 558 688 585 est
715 550 828 585 animi
854 562 898 585 ac
924 549 1084 584 iocunda
1110 549 1283 584 uoluntas
1387 549 1487 594 [249]

225 616 268 652 25
299 609 387 643 Non
413 608 529 643 oculis
557 609 675 643 solum
703 609 886 654 pecudum
913 609 1084 643 miranda
1111 608 1238 643 uidere
1387 608 1488 653 [223]

228 667 274 702 26
303 668 408 702 More
426 678 494 701 nec
512 667 638 702 effusis
658 668 692 702 in
714 668 867 702 humum
885 679 997 712 graue
1016 678 1167 712 pascere
1186 678 1321 712 corpus
1387 665 1489 711 [224]

276 725 502 770 Conquestio
520 726 619 771 quod
637 725 816 760 maiorem
831 726 961 761 demus
980 737 1132 771 operam
1145 726 1316 770 augende
1331 724 1488 771 pecunie

229 795 340 829 quam
359 783 523 818 scientie.

228 851 271 884 27
299 843 532 887 Torquemur
556 840 680 876 miseri
708 841 874 887 inprimis
901 842 1174 888 premimurque
1199 842 1325 877 labore
1388 840 1489 887 [256]

228 901 272 935 28
300 901 349 935 Vt
374 912 458 936 sese
483 900 600 945 pretio
627 899 811 935 redimant
838 912 1035 946 rerumque
1063 899 1145 946 [sic]
1172 901 1337 945 professe
1389 899 1488 944 [260]

228 967 272 1002 29
297 960 422 1003 Turpe
449 959 557 994 silent
583 967 681 994 artes
709 959 799 994 uiles
827 959 1030 1005 inopesque
1056 960 1181 994 relicte
1387 957 1489 1004 [261]

227 1027 273 1061 30
298 1018 535 1062 Torquentur
560 1018 711 1052 flamma
737 1024 832 1053 terre
859 1019 1027 1063 ferroque
1053 1018 1254 1053 domantur
1388 1016 1488 1063 [259]

228 1085 270 1120 31
301 1077 514 1111 Scrutamur
540 1075 651 1110 rimas
679 1082 714 1110 et
743 1076 920 1110 uertimus
947 1088 1057 1111 omne
1084 1075 1308 1121 profundum
1389 1075 1490 1121 [257]

229 1143 273 1179 32
301 1135 438 1169 Semen
464 1141 502 1168 ut
529 1134 670 1179 argenti
697 1141 872 1180 queratur
897 1142 932 1169 et
959 1147 1071 1170 aurea
1097 1147 1193 1170 uena
1389 1133 1490 1180 [258]

229 1202 272 1236 33
302 1193 444 1227 Noctes
471 1199 581 1238 atque
607 1193 688 1227 dies
713 1193 891 1228 festinant
917 1205 1007 1228 arua
1032 1193 1154 1229 coloni
1388 1192 1490 1238 [262]

229 1260 274 1295 34
301 1251 445 1285 Callent
471 1262 554 1286 rure
581 1262 713 1285 manus
739 1251 931 1295 glebarum
957 1252 1173 1297 expellimur
1199 1262 1266 1286 usu
1388 1250 1489 1296 [263]

230 1318 272 1354 35
302 1309 447 1344 Fertilis
473 1310 566 1344 haec
592 1309 780 1354 segetique
806 1310 955 1344 feratior
979 1311 1095 1344 altera
1122 1309 1186 1344 uiti
1388 1308 1490 1354 [264]

230 1367 275 1411 36
303 1368 386 1401 Hec
412 1367 572 1411 platanis
600 1367 733 1402 humus
759 1367 827 1402 hec
854 1368 979 1402 herbis
1006 1367 1238 1411 dignissima'
1251 1367 1359 1402 tellus
1387 1366 1489 1412 [265]

230 1434 273 1469 37
303 1426 385 1460 Hec
413 1425 504 1459 dura
530 1432 565 1459 et
592 1426 722 1459 melior
748 1425 1082 1470 pecori-siluisque
1109 1425 1227 1460 fidelis
1389 1424 1489 1471 [266]

230 1484 274 1528 38
301 1483 472 1518 Aridiora
499 1490 626 1518 tenent
653 1483 732 1530 olee
751 1484 962 1518 ·succosi0r
987 1483 1094 1518 ulmis
1390 1482 1491 1528 [267]

229 1551 275 1586 39
301 1542 418 1576 Grata
437 1541 535 1576 leues
555 1541 712 1576 crutiant
731 1542 874 1576 animos
893 1549 929 1577 et
948 1553 1102 1586 corpora
1120 1553 1227 1576 sause
1247 1540 1330 1587 [sic]
1392 1540 1492 1587 [268]

229 1610 276 1643 40
303 1601 448 1635 Horrea
475 1600 525 1634 uti
553 1607 720 1634 saturent
746 1607 914 1635 tumeant
939 1608 976 1635 et
1003 1600 1102 1634 dolia
1129 1607 1251 1635 musto
1391 1599 1492 1645 [269]

228 1667 271 1701 41
303 1659 490 1704 Plenaque
518 1659 669 1694 desecto
697 1666 848 1703 surgant
873 1658 999 1694 senilia
1024 1670 1157 1703 campo
1391 1657 1493 1705 [270]

212 1735 344 1773 These
367 1734 542 1772 Escorial
567 1742 743 1784 excerpts
763 1748 828 1773 are
855 1734 1040 1773 identical
1061 1734 1153 1772 with
1180 1735 1293 1772 those
1313 1742 1352 1772 at
1373 1734 1490 1773 Paris.

158 1806 272 1855 They
291 1806 433 1843 almost
453 1807 593 1855 always
619 1819 733 1855 agree
759 1805 851 1843 with
876 1806 918 1844 C.
977 1806 1108 1843 There
1134 1819 1198 1843 are
1218 1807 1305 1843 four
1324 1818 1433 1844 cases
1454 1805 1494 1843 in

159 1875 286 1914 which
308 1877 399 1926 they
420 1877 473 1915 do
494 1885 574 1915 not.
637 1890 712 1926 230
739 1884 777 1915 et
798 1885 948 1926 quanto
973 1875 1101 1914 minor
1121 1875 1249 1914 orbita
1272 1878 1364 1915 lune
1390 1878 1496 1924 Esa,

157 1955 196 1985 et
217 1955 367 1997 quanto
389 1947 517 1985 minor
532 1947 659 1986 orbita
680 1949 772 1986 luna
789 1965 796 1973 ·
812 1955 870 1986 est
895 1949 951 1995 C;
983 1949 1057 1985 266
1081 1949 1195 1985 Haec
1215 1948 1313 1986 dura
1333 1955 1370 1986 et
1389 1949 1495 1995 Esa,

160 2019 275 2057 Haec
296 2017 410 2057 diuiti
438 2027 475 2057 et
508 2020 564 2067 C3
596 2033 669 2068 232
700 2021 868 2057 Annuus
895 2018 959 2057 ille
987 2026 1091 2057 meet
1116 2020 1221 2066 Esa,
1241 2020 1410 2057 Annuus
1431 2018 1495 2057 ille

159 2096 295 2127 monet
338 2090 374 2128 C
386 2103 397 2137 3
439 2091 512 2138 267
554 2088 670 2127 ulmis
708 2091 814 2137 ΕΜ,
846 2090 976 2127 ulmus
1015 2090 1056 2128 C.
1116 2088 1213 2127 This
1251 2102 1391 2139 proves
1430 2103 1494 2139 my

159 2159 349 2198 assertion
379 2161 463 2198 that
493 2159 524 2198 if
549 2173 605 2198 we
633 2161 712 2198 had
736 2161 849 2198 other
874 2160 988 2198 MSS.
1018 2160 1062 2197 of
1086 2173 1109 2197 a
1138 2161 1229 2198 date
1254 2172 1296 2197 as
1324 2161 1427 2210 early
1453 2173 1494 2198 as

163 2231 242 2278 CS,
274 2243 318 2269 or
356 2232 448 2281 only
478 2244 501 2269 a
534 2231 631 2269 little
665 2232 775 2279 later,
805 2244 860 2269 we
892 2231 1036 2269 should
1067 2230 1150 2268 find
1181 2237 1220 2268 at
1250 2231 1346 2268 least
1385 2243 1495 2268 some

160 2300 369 2340 variations
399 2303 444 2340 of
469 2301 723 2352 importance.

217 2371 405 2410 Hitherto
432 2385 503 2411 our
526 2373 622 2423 path
651 2374 721 2410 has
749 2373 850 2411 been
878 2373 980 2410 clear
1004 2372 1172 2421 enough.
1232 2372 1303 2410 We
1324 2372 1422 2409 have
1444 2385 1496 2410 on

161 2443 228 2482 the
255 2455 331 2481 one
352 2443 459 2482 hand
479 2451 554 2481 two
575 2445 678 2494 early
701 2445 814 2482 MSS.
839 2442 962 2495 (CS),
982 2456 1058 2482 one
1078 2441 1201 2481 entire
1221 2443 1265 2480 of
1284 2443 1350 2481 the
1371 2443 1498 2488 tenth,

161 2515 229 2554 the
257 2514 370 2553 other
399 2513 603 2565 imperfect
633 2516 676 2553 of
702 2516 768 2553 the
795 2515 978 2553 eleventh
1004 2521 1194 2564 century3
1225 2514 1308 2552 also
1337 2526 1360 2552 a
1389 2514 1495 2551 short

789 2584 867 2624 lxiii
