1783 2876
754 217 948 254 AETNA

191 325 337 364 Debita
365 324 605 363 carminibus
634 324 792 363 libertas
822 324 905 371 ista,
938 326 1008 363 sed
1038 326 1167 364 omnis

190 391 238 428 In
269 403 362 429 uero
392 389 489 427 mihi
519 403 635 437 cura3
673 402 814 428 canam
845 402 926 439 quo
956 389 1107 428 feruida
1138 399 1248 428 motu

188 457 353 494 Aestuet
382 456 523 501 Aetna,
555 468 765 504 nouosque
794 467 913 504 rapax
942 454 1016 492 sibi
1046 463 1231 504 congerat
1261 455 1381 505 ignes.

242 521 508 569 Quacumque
537 519 742 558 inmensus
772 528 813 557 Se
843 527 967 557 terrae
996 519 1156 569 porrigit
1186 519 1303 565 orbis,

188 584 443 634 Extremique
473 584 589 622 maris
618 584 748 623 curuis
778 583 988 634 incingitur
1018 583 1146 631 undis,
1482 601 1521 632 95

188 650 281 688 Non
312 656 439 687 toturn
470 663 522 687 ex
551 649 679 688 solido
708 656 784 687 est:
823 649 926 687 ducit
956 662 1130 698 namque
1159 648 1289 687 omnis
1319 647 1478 695 hiatum,

187 714 302 752 Secta
330 722 389 752 est
418 714 548 752 omnis
577 715 733 760 humus,
766 713 1004 764 penitusque
1033 722 1173 752 cauata
1202 713 1360 752 latebris

188 779 319 818 Exiles
349 793 540 829 suspensa
569 779 652 817 uias
681 779 760 829 agit
774 794 784 827 3
823 784 945 829 utque
974 778 1166 817 animanti

188 846 261 883 Per
290 852 372 883 tota
401 852 572 883 errantes
602 852 832 895 percurrunt
860 857 1026 894 corpora
1055 857 1181 883 uenae

187 911 251 949 Ad
281 910 403 948 uitam
433 910 591 960 sanguis
621 909 751 948 omnis
781 923 860 959 qua
888 917 1083 948 commeat
1112 909 1249 956 eidem,
1464 927 1525 949 100

185 976 306 1014 Terra
335 974 588 1025 uoraginibus
618 983 831 1025 conceptas
861 974 1001 1025 digerit
1029 988 1153 1013 auras.

185 1040 342 1079 Scilicet
371 1045 462 1080 †aut
491 1040 586 1078 olim
616 1039 746 1079 diuiso
776 1053 940 1090 corpore
970 1039 1110 1078 mundi

187 1107 234 1144 In
265 1105 387 1144 maria
415 1119 460 1144 ac
490 1113 609 1144 terras
639 1113 677 1144 et
707 1105 845 1153 sidera,
878 1118 960 1144 sors
991 1107 1083 1144 data
1112 1107 1223 1143 caelo

186 1171 327 1219 Prima,
359 1179 494 1210 secuta
523 1171 651 1218 maris,
684 1171 919 1221 deseditque
948 1170 1084 1208 infima
1114 1172 1228 1209 tellus

185 1238 263 1276 Sed
294 1237 403 1276 tortis
433 1236 578 1275 rimosa
607 1236 738 1285 cauis‚·
777 1245 816 1275 et
845 1236 971 1287 qualis
1000 1250 1165 1275 aceruus
1463 1251 1521 1282 105

186 1302 305 1341 Exilit
333 1301 536 1353 inparibus
565 1302 675 1340 iactis
705 1316 752 1341 ex
781 1309 958 1352 tempore
988 1301 1100 1348 saxis,

185 1370 238 1407 Vt
268 1368 406 1407 crebro
435 1367 624 1406 introrsus
654 1367 782 1418 spatio
812 1375 980 1406 uacuata
1008 1366 1244 1416 †charybdis

186 1434 364 1472 Pendeat
393 1433 433 1470 in
463 1446 560 1480 sese,
593 1432 728 1470 similis
757 1446 919 1482 quoque
949 1440 1048 1470 terra
1077 1433 1224 1481 figurae

187 1500 234 1536 In
264 1497 392 1537 tenuis
422 1499 549 1536 laxata
578 1497 672 1544 uias,
704 1511 785 1536 non
815 1496 944 1535 omnis
974 1497 1014 1534 in
1042 1504 1170 1534 artum

227 1600 268 1631 91
295 1591 418 1621 istnnis
433 1590 463 1621 S
475 1595 536 1630 pro
552 1590 662 1621 omnis
808 1600 850 1630 93
875 1595 1059 1629 congregat
1076 1589 1105 1620 S
1247 1579 1300 1628 96‘
1316 1589 1394 1619 Non
1413 1594 1520 1620 totum

184 1639 219 1665 et
245 1635 353 1665 solido
381 1635 543 1674 (solidum
573 1636 601 1672 r)
633 1635 758 1664 desunt
789 1644 935 1673 namque
967 1632 1077 1664 omnis
1107 1632 1201 1663 hiatu
1228 1633 1359 1672 (hiatus
1385 1634 1417 1673 r)
1449 1633 1524 1664 CSr

185 1678 272 1709 unde
296 1678 378 1709 Itali
400 1680 597 1718 scripserunt
623 1678 701 1709 Non
730 1683 837 1708 totum
866 1683 918 1708 est
946 1677 1099 1715 solidum,
1128 1677 1211 1707 defit
1236 1687 1381 1715 namque
1410 1678 1520 1708 omnis

185 1722 277 1753 hiatu
379 1728 412 1753 et
438 1722 582 1753 solidum
608 1728 659 1753 est
686 1721 803 1752 Iacob:
834 1726 868 1752 et
894 1720 1005 1752 solido
1031 1721 1172 1751 densum
1198 1725 1250 1750 est
1281 1720 1442 1753 Vollmer:
1477 1731 1519 1751 ex

183 1766 294 1797 solido
312 1771 364 1797 est
379 1766 494 1806 scripSt'
579 1766 680 1796 distat
695 1765 865 1796 Baehrens
882 1776 888 1795 :
912 1765 1004 1795 ducit
1023 1789 1028 1795 .
1048 1788 1055 1795 .
1076 1788 1083 1794 .
1103 1764 1231 1794 hiatum
1248 1764 1363 1804 scripsi
1477 1765 1520 1803 98

183 1810 254 1849 agit
271 1815 374 1849 utque
390 1809 470 1840 Ald.
494 1818 576 1848 1517
592 1820 599 1839 ε
627 1809 807 1848 agiturque
826 1808 902 1840 CS:
930 1810 998 1848 agit
1015 1808 1118 1847 inque
1133 1818 1154 1838 v
1170 1807 1306 1838 Arund.
1391 1817 1436 1847 99
1454 1809 1518 1838 dis-

184 1859 325 1884 currunt
342 1853 459 1885 Borm.
506 1852 576 1883 Sed
593 1852 666 1883 m'dc
682 1852 942 1883 Laclzmannum
959 1851 1007 1882 ad
1020 1852 1117 1883 Lucr.
1137 1852 1178 1882 vi.
1197 1862 1260 1890 324
1358 1861 1420 1881 100
1445 1862 1519 1882 cum

184 1903 274 1928 meat
300 1896 347 1928 C:
374 1902 542 1927 cummeat
567 1895 618 1926 S:
649 1902 780 1927 comeat
797 1907 816 1926 r
894 1895 948 1926 Ad
976 1896 1077 1926 uitam
1100 1895 1239 1934 sanguis
1263 1905 1329 1933 qua
1353 1901 1521 1926 commeat

184 1942 294 1972 omnis
326 1941 483 1972 alendam
515 1940 709 1980 Peerlkamp
823 1940 913 1971 idem
945 1939 1062 1970 codd:
1095 1939 1206 1969 eidem
1239 1939 1376 1978 scripsi:
1411 1938 1518 1969 isdem

186 1983 328 2015 Clericus
351 1988 379 2015 et
400 1983 542 2015 Sclmn'd
564 1987 600 2013 ut
621 1995 697 2014 cum
722 1987 870 2024 sequente
896 1994 993 2014 uersu
1023 1983 1214 2023 iungeretur
1369 1991 1429 2012 102
1465 1988 1521 2013 aut

186 2027 280 2059 CSr:
302 2028 384 2059 haut
400 2039 420 2059 v
435 2032 464 2058 et
477 2028 522 2058 sic
541 2027 752 2067 Wernsdorf:
776 2028 841 2058 hoc
859 2028 975 2058 Borm.
995 2027 1096 2066 :sont
1117 2032 1197 2056 ante
1324 2035 1384 2064 105
1409 2026 1521 2057 toritis

184 2071 214 2103 S
227 2071 286 2102 sed
295 2076 332 2102 ut
344 2073 454 2112 priori
469 2072 527 2101 uix
539 2075 724 2111 compareat
811 2081 978 2102 aceruans
993 2069 1129 2100 Artmd.
1234 2079 1293 2108 107
1320 2069 1457 2109 crebrer
1471 2069 1498 2100 C
1514 2082 1521 2100 ε

186 2115 304 2146 crebor
316 2115 363 2146 S:
388 2116 507 2146 crebro
520 2126 540 2145 v
558 2115 658 2156 uulgo
722 2115 888 2146 introssus
903 2114 932 2145 S
992 2118 1134 2144 uacuata
1147 2113 1245 2143 Itali:
1267 2118 1364 2143 uacat
1380 2117 1455 2143 acta
1473 2113 1520 2143 C:

185 2164 358 2201 uacataeta
375 2158 404 2190 S
418 2171 425 2190 ι
446 2169 529 2191 caua
542 2158 629 2190 sacta
644 2159 813 2189 Baehrens
827 2170 834 2189 :
856 2158 1028 2189 uacesacta
1044 2156 1218 2188 Buecheler
1287 2156 1458 2188 charibdis
1474 2156 1501 2187 C
1514 2169 1520 2187 z

202 2202 218 2227 h
791 2211 808 2227 u

186 2237 306 2267 carims
321 2236 368 2268 S:
394 2236 569 2267 carambos
583 2247 622 2267 v:
647 2236 828 2275 corymbos
845 2234 979 2267 Sloan.:
996 2234 1166 2274 corymbis
1185 2234 1326 2265 Clericus
1342 2237 1519 2273 tamquam

177 2279 400 2318 femininum,
422 2279 513 2319 quod
541 2280 742 2310 uocabulum
771 2289 940 2318 nusquam
968 2282 1073 2309 extare
1098 2277 1186 2308 credo
1204 2289 1211 2308 z
1232 2278 1312 2316 sort.
1343 2277 1520 2317 corymbas

185 2327 215 2353 el
239 2323 284 2353 sic
307 2324 495 2354 Gronom‘us
522 2323 703 2355 Obseruatt.
731 2323 763 2355 ii.
788 2324 817 2354 6.
870 2322 957 2353 Certe
980 2321 1142 2361 κὺρυμβον
1165 2321 1230 2352 dici
1254 2321 1372 2361 ἐξοχὴν
1396 2320 1520 2360 ὀρεινήν

186 2370 325 2396 testatur
336 2367 532 2397 Euslatlzius
548 2367 595 2397 ad
607 2368 743 2407 Dionys.
758 2366 882 2406 Pem'eg.
896 2367 960 2405 566
973 2378 979 2396 :
1002 2367 1081 2395 mire
1095 2369 1284 2405 congruunt
1295 2376 1369 2395 cum
1383 2365 1520 2395 hocloco

187 2410 283 2440 uerba
295 2410 595 2441 PlacidiCorineos
607 2421 749 2441 aceruos
762 2420 848 2450 quos
863 2410 979 2440 rustici
993 2420 1034 2440 cx
1048 2409 1209 2448 congerie
1230 2409 1378 2448 lapidum
1395 2409 1521 2439 faciunt

188 2454 249 2484 108
266 2453 384 2484 similis
394 2454 526 2494 scripsi:
545 2454 644 2485 simili
661 2454 748 2485 codd.
815 2454 944 2493 figurae
957 2453 1087 2494 scripsi:
1107 2453 1213 2493 figura
1227 2451 1344 2484 Sloan.
1360 2463 1366 2483 z
1386 2452 1518 2483 suturae

187 2497 262 2528 CSr
277 2508 283 2527 :
308 2497 411 2537 figura
429 2503 479 2527 est
496 2497 620 2528 Munro
756 2508 817 2537 109
842 2507 963 2528 omnes
981 2496 1008 2527 C

820 2567 865 2602 13
