1783 2876
729 203 922 240 AETNA

157 315 209 352 Et
237 311 450 352 coniuratis
478 311 590 350 addit
619 310 834 350 concordia
863 310 991 349 uires:

155 378 248 417 Siue
276 377 465 416 introrsus
493 384 615 426 agunt
643 376 770 414 nubes
802 383 840 414 et
870 375 1029 413 nubilus
1059 383 1199 421 auster,

155 444 233 482 Seu
262 443 381 481 fortes
408 443 549 480 flexere
578 448 697 491 caput
726 448 915 491 tergoque
945 441 1132 479 feruntur.

157 507 365 557 Praecipiti
394 508 550 546 deiecta
578 520 678 546 sono
707 506 849 557 premit
878 507 984 544 unda
1011 506 1199 556 fugatque
1431 521 1493 554 290

156 574 376 623 Torpentes
404 585 528 620 auras,
560 574 793 623 pulsataque
821 584 987 621 corpora
1015 571 1166 609 denset.

156 639 262 676 Nam
291 637 415 677 ueluti
442 645 557 676 sonat
585 650 681 676 urna
708 638 806 675 ciens
832 636 998 674 Tritona
1025 649 1223 682 canorum,

157 703 272 742 Pellit
301 716 401 754 opus
430 704 620 742 collectus
648 715 775 752 aquae
804 701 1014 752 uictusque
1043 702 1200 740 moueri

157 768 323 819 Spiritus
353 775 392 807 et
419 769 556 818 longas
585 767 734 818 emugit
762 767 909 806 bucina
937 780 1084 806 uoces:

159 833 424 883 Carmineque
454 832 596 883 irriguo
626 832 777 883 magnis
807 832 958 871 cortina
986 831 1146 870 theatris
1433 847 1494 879 ²95

159 898 384 949 Imparibus
413 910 625 936 numerosa
654 896 784 936 modis
814 896 919 936 canit
949 904 1031 935 arte
1060 896 1241 947 regentis,

160 965 274 1013 Quae
304 971 464 1002 tenuem
494 962 702 1013 impellens
731 962 905 1001 animam
937 961 1178 1012 subremigat
1207 962 1340 1000 unda:

161 1030 285 1068 Haud
314 1028 425 1067 aliter
453 1036 654 1067 summota
682 1029 815 1067 furens
845 1027 1084 1067 torrentibus
1114 1040 1208 1065 aura

160 1095 314 1144 Pugnat
344 1093 384 1131 in
413 1100 581 1143 angusto
610 1099 649 1131 et
677 1105 867 1142 magnum
897 1098 1209 1130 commurmurat
1237 1092 1377 1129 Aetna.

215 1159 472 1199 Credendum
502 1165 561 1196 est
590 1157 709 1196 etiam
738 1164 949 1196 uentorum
979 1156 1143 1196 existere
1173 1169 1311 1195 causas
1436 1171 1501 1202 300

162 1224 245 1264 Sub
274 1232 375 1263 terra
404 1222 546 1275 similis
571 1224 712 1260 harum
742 1235 840 1272 quas
871 1222 1068 1261 cernimus
1099 1229 1229 1269 extra3

161 1291 226 1337 Vt,
258 1302 350 1328 cum
380 1289 504 1327 densa
524 1295 712 1338 premant
741 1287 842 1326 inter
871 1300 912 1325 se
942 1299 1117 1337 corpora,
1150 1286 1306 1324 turbam

163 1354 272 1393 Elisa
299 1353 340 1392 in
369 1367 541 1392 uacuum
571 1352 723 1403 fugiant
754 1360 792 1391 et
821 1351 1000 1402 proxima
1029 1364 1165 1390 secum

162 1419 345 1459 Asomine
373 1426 482 1457 torta
510 1419 668 1457 trahant
697 1425 862 1467 tutaque
891 1416 932 1454 in
962 1417 1057 1455 sede
1086 1415 1281 1454 resistant.

207 1541 271 1571 288
296 1540 464 1570 introssus
479 1539 509 1570 S
639 1539 704 1578 289
727 1538 832 1569 fortes
845 1537 981 1578 scripsi:
1009 1536 1096 1567 sorte
1111 1535 1186 1567 CSr
1201 1546 1207 1566 :
1232 1535 1320 1565 sorte
1337 1533 1502 1565 inflexere

163 1584 280 1615 Iacob:
304 1584 391 1614 sorte
414 1584 447 1613 hi
469 1583 621 1613 Munro:
645 1582 732 1613 sorte
756 1592 900 1612 erexere
920 1580 1089 1610 Baehrens
1177 1578 1247 1610 Seu
1273 1579 1405 1609 Boreae
1429 1578 1504 1608 Birt

165 1634 324 1667 retroque
341 1627 556 1658 Friesemann
645 1636 710 1665 290
733 1626 863 1656 delecta
885 1624 978 1655 CSrv
993 1623 1084 1663 quod
1097 1623 1200 1654 tuitus
1215 1626 1261 1653 est
1275 1621 1503 1652 Lindenbruch

165 1673 256 1703 unda
272 1671 420 1712 Scaliger
435 1675 464 1701 et
478 1671 523 1701 sic
536 1674 682 1710 excerpta
697 1669 880 1700 Pz'tltoeana
898 1679 905 1698 ε
930 1678 996 1698 una
1009 1667 1096 1698 codd.
1117 1678 1124 1698 :
1148 1667 1214 1697 uda
1231 1665 1415 1697 Sudhaus:
1439 1666 1504 1695 ima

165 1716 242 1747 Birt
330 1724 391 1754 291
409 1715 602 1754 Torpentes
616 1712 653 1744 de
669 1713 763 1752 Rooy
777 1724 784 1743 :
807 1713 994 1743 Torrentes
1010 1710 1099 1742 codd.
1171 1710 1305 1749 pulsata
1318 1709 1422 1740 Som.
1439 1719 1504 1748 que

166 1769 230 1800 292
253 1758 298 1789 sic
311 1759 438 1789 correxi
449 1769 488 1788 ex
502 1768 522 1788 v
598 1762 698 1788 sonat
715 1766 777 1787 ora
793 1757 857 1787 duc
874 1756 1000 1786 tritone
1017 1765 1141 1786 cancro
1161 1753 1208 1784 C:
1231 1759 1332 1784 sonat
1349 1763 1408 1783 ora
1429 1753 1504 1789 (ore

165 1802 322 1841 Arund.)
337 1802 393 1833 diu
411 1802 537 1832 tritona
553 1810 678 1831 canoro
696 1812 714 1830 r
726 1799 863 1831 Arund.
885 1810 892 1830 :
915 1803 1078 1829 sonatura
1096 1799 1171 1828 dius
1187 1799 1217 1837 (s
1233 1798 1367 1835 incerta)
1384 1797 1505 1827 tritona

165 1857 291 1878 canoro
314 1856 335 1876 v
381 1844 479 1876 uerba
498 1849 575 1885 post
594 1849 696 1875 sonat
719 1854 785 1875 om.
813 1843 864 1874 S:
888 1847 988 1874 sonat
1012 1842 1096 1872 hora
1120 1841 1197 1872 duci
1221 1841 1348 1871 Munro
1361 1840 1507 1879 fortasse

168 1894 244 1921 recte
258 1901 265 1920 ε
295 1899 322 1921 s.
340 1890 425 1920 hora
438 1889 502 1919 deo
515 1888 665 1928 Machly:
695 1893 794 1918 sonat
810 1887 894 1918 hora
910 1886 965 1917 die
981 1886 1124 1925 Haupt:
1151 1895 1177 1916 s.
1195 1885 1280 1915 hora
1296 1885 1351 1914 diu
1365 1884 1505 1914 Tritone

167 1944 294 1965 canoro
313 1933 478 1964 Sudhaus
609 1941 672 1971 293
696 1941 780 1971 opes
799 1930 913 1961 CSrv:
936 1940 1022 1969 opus
1039 1929 1178 1960 Helmst.
1200 1939 1244 1959 m.
1260 1932 1312 1967 pr.
1419 1937 1507 1966 aqua

166 1978 332 2017 Aleinger
417 1976 554 2006 mouere
572 1975 664 2006 CSrv
681 1986 688 2005 :
711 1974 840 2005 moueri
857 1973 1000 2014 Sauppe,
1017 1972 1107 2012 quod
1119 1982 1237 2002 uerum
1254 1971 1354 2001 habeo
1443 1980 1506 2010 295

168 2023 369 2061 magnisque
391 2019 439 2051 S:
464 2019 579 2058 magni
597 2029 624 2050 c.
647 2019 770 2049 theatri
788 2029 808 2049 v
919 2019 984 2056 296
1007 2021 1080 2046 arte
1097 2027 1136 2046 r:
1161 2021 1233 2046 arta
1250 2014 1298 2045 C:
1321 2019 1395 2044 asta
1412 2015 1508 2044 uisus

168 2075 247 2095 sum
263 2065 360 2105 legere
374 2065 408 2094 in
425 2063 454 2094 S
586 2062 737 2101 regentis
753 2062 790 2101 cf.
812 2060 924 2092 Carm.
943 2060 1122 2101 Eptjgraph.
1142 2059 1187 2090 cd.
1208 2057 1382 2088 Buecheler
1395 2059 1468 2096 489.
1489 2067 1506 2096 7

171 2108 333 2148 Spectata
354 2109 388 2138 in
410 2107 538 2147 populo
561 2106 728 2146 hydraula
751 2110 849 2145 grata
873 2105 1011 2144 regebat
1158 2113 1222 2141 297
1248 2101 1314 2140 Qui
1339 2100 1508 2131 Baehrens

170 2150 379 2191 inpellensS
437 2151 529 2182 unda
542 2150 635 2181 CSr:
660 2150 784 2180 undam
797 2159 818 2179 v
905 2149 969 2187 298
985 2147 1085 2178 aliter
1095 2157 1160 2177 om.
1175 2145 1204 2176 S
1266 2145 1480 2176 cortentibus
1492 2156 1510 2174 r

171 2205 236 2234 299
259 2200 405 2234 augusto
428 2194 458 2225 S
479 2193 619 2225 Arund.
753 2203 818 2232 300
841 2202 979 2223 causam
1013 2191 1079 2222 Crv
1109 2187 1245 2219 Arund.
1265 2199 1273 2219 z
1306 2198 1426 2219 causas
1457 2188 1503 2219 cd.

170 2238 259 2270 Rub.
291 2248 373 2278 1475
507 2248 567 2277 3οῑ
605 2237 767 2268 abscissus
796 2237 831 2266 in
858 2235 888 2266 S
971 2240 1079 2266 terras
1110 2233 1138 2263 C
1217 2241 1347 2271 302—44
1378 2232 1413 2262 in
1436 2232 1509 2271 fine

171 2282 304 2313 abscissi
316 2283 349 2312 in
366 2281 395 2312 S
481 2290 546 2320 302
571 2282 746 2312 condensa
763 2290 783 2311 v
850 2283 1002 2310 cremant
1021 2277 1115 2308 CSrv
1132 2289 1139 2308 ε
1163 2281 1304 2315 crepant
1320 2275 1484 2306 Schrader
1501 2287 1507 2305 z

172 2331 331 2366 premunt
346 2324 556 2355 Gronovius:
579 2329 733 2364 premant
750 2323 920 2354 Baehrens
967 2323 1094 2353 interse
1115 2319 1142 2350 C
1184 2319 1320 2350 turbant
1339 2319 1388 2350 C:
1412 2319 1509 2349 turba

174 2380 211 2399 r:
233 2369 433 2400 dur-*turba
447 2368 583 2400 Arund.
600 2379 607 2399 ε
629 2368 760 2398 turbam
778 2367 896 2407 scripsi
1024 2375 1088 2404 304
1115 2363 1266 2394 Momine
1300 2362 1508 2394 Gronovius:

175 2412 322 2443 Nomina
352 2411 441 2443 codd.
579 2417 669 2443 torta
699 2411 819 2441 Iacob:
857 2415 927 2441 tota
958 2407 1044 2440 codd.
1077 2408 1214 2438 trahant
1237 2430 1246 2438 .
1275 2429 1283 2437 .
1311 2429 1320 2438 .
1345 2406 1507 2437 resistant

176 2455 317 2487 Clericus
337 2467 344 2486 :
367 2455 506 2486 trahunt
528 2479 537 2487 .
567 2479 575 2487 .
603 2479 611 2487 .
640 2455 805 2486 resistunt
828 2453 916 2486 codd.
936 2464 943 2484 ε
980 2452 1038 2483 sed
1059 2451 1194 2483 trahant
1217 2453 1264 2482 est
1286 2450 1320 2481 in
1345 2449 1482 2480 Arund.
1501 2460 1507 2478 τ

173 2505 245 2531 tuta
262 2500 339 2530 dum
355 2508 382 2530 s.
405 2498 569 2531 resistunt
584 2499 706 2540 Haupt

818 2562 866 2600 39
