1783 2876
733 210 927 247 AETNA

169 317 325 357 Excidit
354 317 418 356 hic
447 317 581 356 reduci
611 316 815 367 quondam
845 316 927 364 tibi,
959 317 1108 367 perfide
1137 318 1308 364 Theseu,

168 382 350 422 Candida
379 382 547 421 sollicito
576 381 825 432 praemittere
854 383 942 420 uela
971 381 1133 431 parenti.

166 448 228 485 Tu
258 460 418 497 quoque
447 448 694 485 Athenarum
724 460 894 494 carmen,
926 453 1005 484 tam
1035 445 1170 484 nobile
1199 446 1307 485 sidus

168 511 409 561 Erigonae’s,
438 513 627 561 dequesta
654 524 800 550 senem:
839 510 1061 550 Philomela
1089 511 1243 550 canoris
1440 519 1501 556 585

165 578 309 615 Plorat
337 578 430 626 Ityn
460 576 578 624 siluis,
610 584 649 616 et
677 585 730 624 tu,
763 590 872 615 soror
901 576 1067 626 hospita,
1100 575 1212 615 tectis

167 641 380 692 Acciperis,
412 642 505 680 solis
534 644 684 681 Tereus
714 643 817 680 ferus
847 643 977 680 exulat
1006 640 1118 691 agris.

169 707 360 746 Miramur
388 707 531 747 Troiae
561 707 711 747 cineres
740 715 779 746 et
809 706 939 746 flebile
968 706 1083 745 uictis

167 773 388 822 Pergamon
418 772 687 822 extinctosque
716 785 788 810 suo
819 773 991 821 Phrygas
1023 772 1224 809 Hectore:
1263 783 1429 820 paruum

167 837 447 887 Conspicimus
477 837 609 887 magni
639 839 838 876 tumulum
868 836 1004 875 ducis:
1043 835 1108 874 hic
1137 844 1176 875 et
1205 835 1381 874 Achilles
1441 850 1505 883 590

168 902 341 953 Impiger
369 910 407 941 et
436 902 564 941 uictus
595 902 727 953 magni
755 902 856 941 iacet
887 901 1074 940 Hectoris
1104 903 1216 940 ultor⁴

167 966 275 1016 Quin
305 967 422 1006 etiam
455 967 596 1007 Graiae
626 968 718 1006 fixos
747 975 902 1006 tenuere
931 967 1095 1005 tabellae

167 1031 336 1082 Signaue
351 1047 361 1081 3
399 1046 506 1071 nunc
536 1034 712 1084 Paphiae
741 1032 907 1071 rorantis
936 1037 1061 1071 matre
1090 1031 1230 1082 capilli,

167 1098 249 1136 Sub
279 1105 388 1136 truce
417 1111 524 1136 nunc
553 1098 664 1148 parui
692 1099 874 1137 ludentes
905 1097 1100 1138 Colchide
1130 1096 1222 1144 nati,

168 1165 287 1202 Nunc
316 1163 444 1202 tristes
473 1163 576 1202 circa
605 1164 783 1203 subiecta
810 1163 946 1202 altaria
974 1176 1126 1210 ceruae,
1441 1177 1505 1212 595

166 1230 409 1279 Velatusque
438 1236 548 1279 pater
562 1243 572 1277 5
610 1242 716 1268 nunc
745 1228 866 1279 gloria
895 1228 988 1267 uiua
1017 1227 1207 1278 Myronis,

169 1295 219 1332 Et
248 1294 326 1332 iam
357 1294 456 1332 mille
485 1308 626 1332 manus
656 1308 821 1345 operum
852 1295 1087 1344 tabulaeque
1117 1300 1329 1331 morantur.

224 1361 339 1398 Haec
368 1359 535 1398 uisenda
564 1367 678 1410 putas
708 1367 809 1398 terra
837 1358 1064 1408 dubiusque
1094 1359 1283 1408 marique.

168 1424 339 1463 Artificis
369 1432 527 1462 naturae
555 1424 693 1475 ingens
723 1437 823 1475 opus
852 1423 1010 1474 aspice:
1049 1425 1157 1461 nulla

212 1535 276 1573 584
301 1534 427 1564 crimen
446 1533 527 1565 Ald.
549 1542 630 1573 1534
647 1536 676 1564 et
690 1533 735 1564 sic
750 1536 896 1573 excerpta
913 1532 1097 1563 Pithoeana
1240 1531 1305 1562 iam
1321 1531 1403 1563 Alci.
1425 1542 1507 1572 1534

168 1579 231 1617 585
250 1578 399 1617 Erigone
421 1578 523 1608 sedes
547 1582 663 1608 uestra
684 1582 736 1608 est
757 1576 965 1616 phylomella
990 1575 1212 1615 (emphiloma
1229 1575 1341 1614 rAr.)
1362 1575 1408 1606 Cr
1421 1576 1509 1607 An:

169 1627 303 1653 uestras
320 1626 465 1662 excerpta
480 1622 674 1661 Pithoeana,
694 1620 781 1651 unde
797 1620 923 1651 correxi
999 1620 1121 1650 caedes
1139 1619 1332 1659 Peerlkamp
1443 1620 1509 1658 586

170 1666 284 1696 Plorat
310 1665 388 1704 Ityn
417 1665 548 1704 scripsi:
583 1665 711 1695 Euocat
742 1665 776 1695 in
805 1664 852 1694 Cr
872 1664 936 1695 Ar.
1027 1663 1154 1693 Munro
1178 1663 1223 1692 sic
1244 1662 1373 1702 scripsit
1395 1662 1447 1693 Tu
1473 1673 1506 1702 q.

167 1709 208 1740 A.
245 1719 271 1740 c.
310 1714 333 1740 t.
369 1719 402 1740 n.
435 1709 541 1749 sidus,
575 1708 737 1747 Erigone,
771 1708 874 1739 sedes
907 1711 1023 1738 uestra
1055 1711 1130 1737 est:
1168 1706 1226 1746 ph.
1259 1717 1286 1737 c.
1324 1705 1376 1737 En
1409 1712 1508 1737 uocat

169 1753 202 1783 in
220 1763 249 1784 s.
340 1752 461 1783 Maass
482 1753 527 1783 st'c
549 1752 687 1782 correxit
707 1752 940 1782 Eratosthem'c.
962 1755 996 1791 p.
1023 1751 1066 1789 85
1087 1750 1138 1780 Tu
1162 1760 1299 1789 quoque
1316 1749 1357 1781 A.
1378 1751 1507 1781 crimen

169 1797 233 1827 iam
274 1796 387 1827 nobile
422 1796 517 1827 sidus
550 1796 710 1835 Erigone,
743 1797 849 1826 edens
879 1800 1021 1834 questus
1055 1794 1243 1825 Philomela
1275 1803 1418 1825 canoras
1455 1794 1507 1824 En

169 1840 260 1871 uolat
297 1840 330 1870 in
366 1840 481 1879 siluas,
514 1845 548 1870 et
577 1844 612 1870 tu
647 1849 747 1870 soror
780 1839 917 1878 hospita
956 1837 1053 1869 lectis
1095 1838 1275 1877 Acciperis
1443 1838 1508 1877 589

169 1884 408 1923 extinctusque
435 1883 482 1914 C:
510 1883 750 1922 extinctosque
771 1894 790 1913 r
809 1883 876 1913 Ar.
965 1891 1027 1912 suo
1050 1881 1096 1911 C:
1128 1891 1209 1912 suos
1234 1892 1254 1911 r
1272 1880 1416 1912 Helmst.
1441 1881 1508 1913 Ar.

170 1928 330 1958 haectore
348 1927 394 1958 C:
419 1927 559 1957 hectora
577 1927 673 1957 rAr.
809 1936 874 1966 590
898 1925 1077 1956 tumultum
1098 1924 1126 1955 C
1249 1934 1310 1963 591
1338 1924 1509 1956 haectoris

171 1970 199 2001 C
328 1980 393 2010 592
417 1971 503 2002 fixas
531 1971 674 2002 timuere
701 1969 842 2000 tabellas
870 1969 936 2000 Cr:
967 1969 1054 1999 fixos
1081 1973 1227 1999 tenuere
1253 1968 1398 1998 tabellae
1422 1968 1506 2000 Ald.

173 2024 254 2054 1534
411 2024 475 2054 593
500 2015 610 2054 pallae
636 2014 740 2054 (passe
761 2024 780 2043 r
795 2012 878 2053 Ar.)
904 2013 1054 2043 rorantia
1078 2017 1175 2051 parte
1201 2011 1323 2042 camilli
1351 2011 1398 2041 Cr
1418 2011 1508 2043 An:

170 2058 328 2088 uidentur
348 2063 383 2099 p,
411 2069 445 2088 m
474 2058 582 2088 locum
609 2061 764 2096 mutasse,
796 2061 834 2087 ut
859 2062 964 2087 matre
994 2055 1105 2095 capilli
1124 2056 1220 2095 fieret
1247 2061 1344 2095 patre
1371 2055 1506 2095 camilli,

169 2102 219 2132 uti
247 2102 400 2132 intellexit
429 2102 619 2132 Baehrens:
658 2105 754 2140 parte
785 2104 933 2140 excerpta
965 2099 1175 2130 Pithocana:
1215 2104 1373 2129 rorantes
1412 2103 1508 2138 patre

171 2146 291 2185 Haupt
317 2149 345 2176 et
367 2145 517 2176 Munro:
550 2151 707 2176 rorantes
736 2149 811 2175 arte
839 2144 1003 2174 Heinsius
1027 2143 1075 2174 ad
1108 2142 1205 2173 Trist.
1238 2142 1271 2173 ii.
1305 2151 1378 2182 525.
1408 2146 1438 2173 ct
1466 2143 1511 2173 sic

170 2193 245 2219 ante
264 2199 341 2219 eum
363 2189 511 2230 Scaliger
621 2199 685 2228 594
712 2187 892 2219 cholchide
912 2187 940 2218 C
1047 2196 1112 2225 595
1135 2186 1310 2217 subiectae
1325 2185 1408 2217 Ald.
1428 2195 1507 2225 1517

169 2242 291 2263 seruae
308 2232 354 2264 ed.
373 2232 484 2264 Paris.
507 2242 602 2271 1507,
621 2232 792 2262 Baehrens
946 2231 1012 2270 596
1035 2231 1113 2260 uiua
1133 2230 1197 2260 Cr:
1223 2240 1327 2260 uacca
1345 2228 1513 2260 Schrader

171 2286 234 2315 597
260 2275 370 2306 Etiam
387 2277 441 2307 illa
460 2276 509 2306 C:
534 2276 654 2306 Etiam
672 2276 729 2306 illa
747 2287 766 2306 r
778 2275 844 2306 Ar.
945 2275 1036 2305 mille
1053 2274 1174 2314 Haupt
1278 2273 1375 2304 Haec
1392 2278 1426 2303 et
1443 2274 1507 2304 iam

171 2320 227 2350 illa
243 2319 370 2350 Munro
459 2320 659 2359 tabulaeque
676 2320 811 2359 scrfflsi:
835 2319 983 2358 tubeque
1001 2329 1038 2349 r:
1062 2317 1218 2357 turbae(e
1233 2316 1384 2358 Ar.)qne
1402 2315 1508 2349 CAr.

172 2368 345 2393 moranter
376 2362 426 2394 C:
464 2364 616 2394 morante
645 2374 664 2394 r
685 2363 751 2394 Ar.
914 2363 979 2401 598
1012 2366 1103 2392 terra
1137 2360 1186 2391 C:
1225 2365 1338 2391 terrae
1369 2371 1390 2390 r
1416 2360 1483 2391 Ar.
1502 2372 1509 2390 :

172 2412 262 2437 terra
300 2407 492 2446 dubiusque
532 2407 683 2446 marique
722 2406 872 2437 Munro:
921 2405 1092 2445 marisque
1132 2404 1178 2435 Cr
1196 2404 1259 2435 Ar.
1279 2415 1286 2434 z
1324 2408 1437 2434 terrae
1476 2404 1506 2435 d.

171 2451 342 2489 marisque
363 2450 535 2524 ιάὲ1475ε
569 2451 614 2482 H.
633 2461 665 2482 u.
684 2455 807 2490 putans
833 2454 925 2481 terra
947 2449 1017 2480 ruis
1038 2458 1146 2487 usque
1168 2447 1318 2487 marique
1341 2447 1510 2478 Baehrens

170 2503 235 2533 599
259 2499 378 2524 natura

807 2539 857 2587 69
