1783 2876
699 208 893 246 AETNA

130 317 210 356 Hic
240 317 434 368 princeps,
466 329 688 367 magnoque
717 316 792 354 sub
822 317 899 355 hoc
929 317 1032 355 duce
1063 316 1202 356 militat
1232 318 1342 368 ignis.

183 384 314 429 Nunc,
345 381 535 432 quoniam
563 381 604 419 in
634 389 820 431 promptu
850 389 908 420 est
938 381 1066 431 operis
1097 390 1234 420 natura
1264 383 1426 433 solique,

127 449 238 485 Vnde
266 446 340 497 ipsi
369 446 489 494 uenti,
521 459 623 496 quae
652 460 712 485 res
742 445 928 485 incendia
956 445 1092 496 pascit,

127 513 231 553 Cum
261 511 393 551 subito
422 511 669 558 cohibentur,
701 511 802 550 inest
832 524 934 562 quae
963 524 1082 550 causa
1111 511 1252 558 silenti,
1403 529 1465 550 220

126 577 362 627 Subsequar.
421 576 625 615 inmensus
655 576 766 615 labor
795 584 864 623 est,
897 577 967 614 sed
997 575 1131 614 fertilis
1160 575 1278 615 idem.

128 641 259 692 Digna
287 641 501 680 laborantis
521 642 765 692 respondent
794 640 968 691 praemia
997 640 1109 679 curis.

126 708 220 745 Non
250 706 374 746 oculis
404 708 533 745 solum
563 707 763 757 pecudum
793 706 973 745 miranda
1001 708 1107 744 tueri

127 773 254 819 More,
286 786 360 811 nec
389 773 528 810 effusos
558 771 599 809 in
628 772 795 809 humum
825 785 944 821 graue
973 785 1134 822 pascere
1163 784 1317 822 corpus,

126 838 257 876 Nosse
287 838 407 876 fidem
436 850 567 875 rerum
597 836 819 887 dubiasque
849 836 1050 886 exquirere
1080 850 1228 884 causas,
1405 855 1463 885 225

127 904 337 952 Ingenium
366 915 518 940 sacrare
546 907 744 952 caputque
772 903 951 940 attollere
981 903 1097 949 caelo,

126 967 232 1006 Scire
262 975 359 1017 quot
388 975 426 1005 et
455 980 557 1016 quae
587 966 664 1005 sint
693 980 838 1017 magno
867 966 1012 1005 natalia
1041 968 1194 1006 mundo

126 1032 335 1082 Principia,
367 1045 531 1070 occasus
561 1040 744 1071 metuunt
772 1046 823 1070 an
853 1034 1010 1071 saecula
1039 1040 1217 1083 pergunt,

127 1099 179 1136 Et
208 1098 321 1136 firma
348 1105 509 1136 aeterno
538 1097 698 1147 religata
726 1105 785 1136 est
814 1097 999 1136 machina
1028 1097 1185 1146 uinc103

127 1163 227 1202 Solis
257 1162 355 1201 scire
384 1164 550 1201 modum
580 1170 619 1201 et
648 1171 798 1213 quanto
828 1163 957 1201 minor
985 1163 1113 1201 orbita
1140 1164 1294 1202 lunaest
1309 1178 1318 1211 3
1405 1180 1466 1211 230

120 1218 138 1239 Ο

127 1267 231 1298 audet
251 1266 324 1306 Gyr.
418 1276 481 1305 217
507 1265 575 1296 Hic
593 1264 778 1296 Schrader:
803 1265 894 1297 Hinc
914 1265 968 1297 CS
985 1265 1058 1306 Gyr.
1078 1277 1085 1297 τ
1109 1266 1208 1297 Nunc
1226 1277 1263 1297 νυ
1328 1277 1466 1307 magno-

127 1321 193 1350 que
218 1310 346 1342 Munro
364 1321 372 1340 :
402 1319 614 1349 magnosque
642 1309 718 1340 CS:
749 1320 961 1349 magnusque
990 1321 1027 1340 νυ
1043 1321 1049 1340 :
1080 1320 1292 1349 magnusque
1320 1311 1376 1350 qui
1403 1313 1465 1343 sub

129 1355 216 1385 duce
234 1353 377 1384 traditur
392 1364 431 1383 ex
448 1354 522 1393 Gyr.
542 1365 548 1383 ε
573 1364 717 1393 magnus
733 1364 800 1393 quo
817 1354 880 1384 sub
897 1354 985 1384 duce
1002 1354 1170 1384 Baehrens
1186 1365 1193 1384 ε
1218 1354 1285 1385 Hic
1304 1356 1465 1395 princeps

129 1407 350 1437 magnusque,
366 1396 488 1437 Haupt
505 1397 670 1436 :sortasse
685 1407 887 1437 gnauosque
1007 1398 1160 1428 218e220
1184 1398 1295 1428 attulit
1306 1398 1467 1430 Heinsius

128 1441 176 1472 ad
191 1441 371 1472 Claudiani
384 1441 427 1472 R.
444 1441 483 1471 P.
503 1441 522 1472 i.
544 1450 602 1479 171
622 1441 795 1480 castigatos
812 1444 990 1480 tamquam
1007 1452 1046 1471 cx
1061 1442 1162 1471 ueteri
1173 1441 1272 1472 codice
1401 1454 1466 1482 219

127 1484 228 1516 Vnde
251 1484 397 1515 traditur
417 1495 457 1514 ex
478 1483 551 1523 Gyr.
578 1487 608 1514 et
628 1485 674 1514 sic
692 1484 868 1515 Heinsius:
903 1484 977 1514 Vna
1005 1484 1068 1515 Crv
1120 1485 1150 1516 S
1172 1485 1236 1525 legi
1256 1496 1321 1516 non
1340 1490 1468 1526 poterat

127 1539 192 1559 220
216 1529 420 1559 cohibentur
438 1527 616 1558 Matthiae:
644 1527 822 1558 cohibetur
844 1527 956 1558 CSrv:
986 1528 1149 1559 cohibent
1171 1528 1316 1559 traditur
1333 1541 1371 1559 ex
1389 1530 1463 1569 Gyr.

127 1576 156 1603 et
170 1572 216 1603 sic
229 1571 389 1602 Heinsius
488 1571 576 1601 inest
596 1571 707 1602 CSrv:
734 1572 825 1602 iners
848 1571 991 1601 traditur
1009 1583 1047 1602 ex
1070 1571 1162 1612 Gyr.:
1193 1573 1285 1602 uires
1305 1572 1465 1604 Heinsius

126 1616 251 1647 silendi
267 1615 427 1650 Hetnsius
555 1624 617 1645 221
645 1614 837 1655 inmensus]
856 1614 896 1645 ab
912 1615 972 1645 lzoc
984 1615 1143 1656 incipiunt
1157 1620 1300 1656 excerpta
1315 1617 1464 1647 Escon'a-

127 1660 228 1690 lensia
254 1659 309 1699 (Q.
332 1659 353 1689 i.
379 1660 432 1697 14)
459 1658 577 1698 quibus
594 1659 818 1700 praemissum
841 1663 886 1689 est
902 1659 1011 1697 Quam
1035 1660 1216 1690 iocundum
1239 1660 1282 1690 sit
1302 1663 1372 1690 scie
1395 1671 1463 1691 non

126 1703 302 1743 cupiditati
320 1712 459 1742 operam
478 1703 559 1732 dare
649 1713 712 1733 222
739 1702 851 1741 Digna
866 1702 955 1734 codd.
975 1706 1005 1732 et
1017 1703 1088 1734 Esc.
1106 1715 1112 1734 :
1130 1702 1229 1741 Pigra
1249 1704 1324 1744 Gyr.
1375 1704 1465 1735 labo-

127 1748 234 1778 rantis
260 1745 316 1778 CS
337 1746 429 1777 Esc.:
455 1746 622 1776 laboranti
637 1756 677 1777 v:
704 1746 864 1776 laboratis
885 1757 924 1776 ex
948 1745 1022 1786 Gyr.
1042 1746 1193 1787 traditur,
1211 1747 1269 1777 sed
1290 1759 1345 1778 uec
1364 1747 1464 1787 Pigra

128 1801 184 1822 nec
198 1791 358 1821 laboratis
375 1800 492 1820 uerum
508 1789 599 1820 credo
689 1790 772 1820 uiris
782 1795 842 1830 pro
859 1791 948 1821 curis
964 1800 984 1820 v
1073 1800 1225 1829 223-224
1250 1792 1283 1820 in
1299 1791 1373 1822 Esc.
1389 1796 1467 1832 post

127 1845 192 1874 249
208 1835 409 1875 semptisunt
510 1843 573 1872 223
597 1834 785 1874 peccudum
804 1833 833 1864 C
914 1834 999 1864 tueri
1021 1833 1095 1873 Gyr.
1113 1847 1119 1865 2
1145 1834 1239 1865 fuere
1258 1834 1345 1866 CSr:
1371 1835 1467 1866 fuer&

125 1889 160 1909 v:
180 1878 299 1908 uidere
311 1878 383 1908 Esc.
467 1887 531 1915 224
549 1877 675 1908 effusos
691 1877 897 1916 IVernsdorf:
917 1877 1034 1908 effusis
1049 1876 1142 1908 CSrv
1153 1878 1226 1909 Esc.
1311 1881 1465 1917 225-226

126 1922 248 1953 absunt
257 1922 297 1951 ab
307 1922 379 1951 Esc.
389 1921 434 1951 ita
445 1924 556 1951 tamen
568 1925 606 1951 ut
616 1927 649 1952 et
660 1931 773 1952 rerum
785 1921 903 1951 dubias
915 1921 1096 1960 exquirere
1104 1923 1463 1963 causaspostprimum

128 1965 323 1996 uocabulum
341 1976 372 1995 u.
392 1965 456 1995 228
474 1964 643 2004 Principia
658 1964 843 1995 subnexum
859 1965 903 1995 sit
1013 1975 1075 2004 225
1102 1975 1214 1995 rerum
1230 1966 1303 1995 Esc.
1322 1966 1419 2005 (228)
1439 1971 1467 1996 et

130 2008 204 2049 Gyr.
254 2009 354 2039 rebus
367 2008 443 2039 CSr
485 2018 672 2047 exposcere
688 2019 706 2038 r
770 2010 834 2038 226
852 2008 956 2039 Sacra
968 2009 1215 2048 peringentem
1228 2009 1417 2047 (ignentem
1428 2021 1461 2040 v,

127 2053 297 2092 capitique
313 2052 470 2083 attollere
488 2052 647 2091 (attolere
663 2053 695 2091 v]
713 2052 841 2083 caelum
863 2051 957 2083 CSrv
972 2063 978 2082 :
998 2052 1101 2083 Sacra
1113 2063 1139 2092 p
1156 2053 1183 2082 ri
1200 2053 1368 2091 rigentem
1388 2054 1463 2084 Cor-

127 2096 280 2126 sim'anus
295 2106 337 2135 43
354 2096 388 2127 F.
408 2106 438 2134 3.
457 2106 496 2126 21
583 2096 761 2135 ingenium
778 2106 912 2127 sacrare
930 2101 1100 2135 caputque
1117 2106 1146 2127 a.
1164 2097 1257 2126 caelo
1272 2097 1415 2127 traditur
1428 2108 1466 2127 ex

131 2138 205 2179 Gyr.
215 2140 306 2179 quod
309 2140 452 2180 plerique
469 2143 648 2180 receperunt
693 2139 797 2170 Sacra
815 2145 1056 2180 perurgentem
1069 2139 1116 2171 cd.
1132 2139 1210 2170 Par.
1230 2150 1312 2178 1507
1329 2151 1336 2170 :
1361 2141 1464 2171 Sacra

130 2188 367 2222 peragrantem
378 2182 582 2224 Peerlkamp.
606 2183 666 2213 An
678 2183 782 2214 Sacra
793 2194 855 2223 per
864 2184 991 2223 ingenii
1005 2183 1167 2214 caelestia
1179 2183 1298 2214 tollere
1309 2187 1464 2223 captum?

132 2226 171 2257 F.
190 2226 312 2257 Walter
328 2237 462 2257 uersum
480 2230 573 2257 ratus
588 2231 633 2257 est
652 2227 811 2266 excidisse,
831 2227 921 2258 uelut
937 2227 1041 2258 Sacra
1058 2237 1120 2266 per
1135 2228 1310 2265 ingentem
1331 2228 1463 2268 [mundi

132 2269 278 2301 labentia
293 2275 437 2301 tractum
451 2270 572 2301 Sidera
589 2275 712 2301 cuncta
728 2271 864 2311 notare]
883 2276 1049 2310 caputque
1066 2281 1095 2301 a.
1115 2271 1209 2301 caelo
1299 2281 1362 2310 227
1383 2277 1464 2311 quot

131 2313 251 2344 SEsc.:
269 2314 359 2352 quod
377 2313 422 2345 Cr
476 2319 556 2354 sunt
569 2314 598 2345 S
657 2314 782 2345 natalia
798 2314 854 2345 CS
863 2315 937 2345 Esc.
953 2326 959 2344 :
979 2314 1092 2345 satalia
1107 2314 1301 2345 traditurex
1314 2314 1389 2354 Gyr.
1406 2327 1412 2345 ;
1431 2317 1462 2346 in

130 2366 254 2396 magno
266 2357 343 2388 talia
355 2368 388 2387 r:
412 2367 472 2387 cur
485 2368 526 2389 m.
539 2358 619 2388 talia
634 2368 654 2388 v
726 2359 801 2397 228,
813 2368 877 2396 229
892 2369 957 2388 non
972 2362 1084 2388 extant
1094 2359 1128 2387 in
1139 2369 1159 2388 v
1230 2359 1294 2388 228
1312 2358 1464 2389 meciunt

128 2400 265 2430 Arund.
336 2411 378 2431 an
400 2400 558 2432 Clericus:
584 2402 627 2432 ad
647 2401 722 2432 CSr
795 2405 871 2442 post
887 2401 1060 2441 Principia
1077 2401 1149 2433 Esc.
1169 2401 1288 2432 habent
1302 2407 1337 2432 et
1353 2413 1463 2433 rerum

130 2444 250 2475 dubias
263 2445 444 2482 exquirere
455 2455 574 2475 causas
584 2445 657 2475 dein
672 2445 763 2476 Solis
777 2445 864 2476 scire
875 2446 1022 2483 modum,
1035 2447 1096 2476 ἃς.
1112 2446 1245 2475 omissis
1254 2455 1414 2476 occasus.
1432 2471 1438 2477 .
1453 2471 1458 2475 .

131 2487 243 2518 uinclo
319 2497 382 2527 229
399 2487 510 2519 uinclo
525 2488 553 2519 C
565 2488 640 2528 Gyr.
656 2488 738 2520 Ald.
755 2499 856 2528 1517:
878 2489 1003 2519 mundo
1017 2488 1067 2519 Sr
1136 2499 1200 2527 230
1218 2494 1252 2519 et
1266 2489 1360 2520 CSrv
1372 2490 1462 2521 Esc.:

130 2536 165 2562 ut
176 2531 300 2562 Munro
313 2530 393 2562 luna
405 2549 412 2557 ·
425 2536 476 2562 est
490 2531 530 2563 C:
548 2532 627 2562 luna
641 2537 693 2563 est
704 2532 767 2564 Sv:
786 2532 864 2576 lune
879 2538 930 2563 est
945 2543 974 2564 r:
994 2533 1072 2563 lune
1084 2532 1176 2564 Esc.:
1196 2532 1329 2564 lunaest
1340 2533 1464 2563 Alunro

772 2590 829 2626 29⁴
